2602 3874
146 173 212 238 264
295 173 453 226 motus
470 173 762 228 MEcfflmcossun
778 174 1004 227 FRAGMENTA.

147 335 319 420 τυμπάνου
346 335 407 418 τῇν
429 333 591 402 ἕλκουσαν
613 335 767 420 δύναμιν,
795 333 1018 420 οὐδοπότερον
1040 334 1153 401 αὐτῶν

81 444 121 531 εει
147 426 421 508 κατενεχθῇσεται
443 423 588 502 εὐλύτως
606 420 847 510 στρελφομένων
864 433 931 488 τῶν
949 422 1078 501 ἀξόνων
1095 423 1154 489 καὶ

146 521 204 596 τῇς
230 523 297 577 τῶν
323 513 503 596 τυμπάνων
528 511 742 623 παραθέσεως
767 515 875 588 καλῶς
897 511 1020 597 άρμο<ζ
1020 512 1154 597 ού>σης,

147 599 217 666 ἀλλ’
246 602 355 686 ὥσπερ
378 599 512 684 <ἐπλ>ζ
496 605 597 684 ζυγοῦ
619 624 711 678 τινος
734 600 947 687 ίσορροπήσει
968 600 989 684 ἡ
1010 601 1153 686 δύναμις

146 698 192 776 τῇ
215 691 317 776 βάρει.
358 688 416 754 ἐάν
358 685 470 754 ἐδέ
490 687 596 753 ἕνλ’
558 701 669 754 αυτῶν
686 696 888 800 προσθῶμεν
904 688 1057 772 ὀλίγον“
1037 713 1153 775 ετερον
1181 707 1194 747 ⁵

147 779 262 863 βάρος,
288 777 489 930 καταρέρίψει
515 776 570 842 καὶ
597 777 809 863 ἐνεχθῇσεται
837 775 888 862 ἐφ’
921 777 939 843 ὃ
966 777 1152 864 προσετέθη

146 868 305 952 βάρος,”
282 884 364 933 ωστε
388 865 446 931 ἐὰν
468 867 506 931 ἓν
527 866 609 952 <τῇ>
627 877 728 932 τῶνε
734 865 930 932 ’ταλάντων
949 868 1099 952 δυνάμει,
1122 869 1155 931 εί

146 957 255 1041 τύχοι,
289 965 446 1066 μναίαῖρν
476 961 646 1041 προστεθῇ
677 957 795 1042 βάρος,
830 959 1066 1042 κατακρατῇσει
1097 953 1153 1020 καλ

148 1043 411 1110 ἐπισπάσεται
382 1067 419 1110 το
441 1044 551 1130 βάρος.

231 1131 320 1199 Ἀντλ
348 1128 385 1198 δὲ
407 1142 464 1216 τῇς
487 1131 699 1218 προσθέσεως
722 1133 840 1220 [τούτῳ
864 1134 881 1196 δ
885 1129 914 1217 ὲ]
938 1136 1152 1218 παρακείσθω
1168 1151 1197 1190 10

147 1225 280 1306 κοχλίας
305 1243 354 1308 τρι
373 1225 415 1285 Χ
421 1226 459 1286 Ψ
482 1221 639 1310 τυμπάνῳ
667 1224 752 1306 ἔχων
778 1222 839 1306 τὴν
866 1220 958 1286 ἕλικα
986 1221 1154 1306 ἁρμοστὴν

148 1322 216 1388 τοῖς
244 1310 362 1376 ὀδοῦσι
386 1318 446 1375 τοῦ
469 1311 642 1394 τυμπάνου
666 1313 889 1395 στρεφόμενος
911 1310 1056 1388 εὐλύτως
1077 1309 1154 1396 περὶ

147 1401 291 1484 τόρμους
318 1397 452 1476 ἐνόντας
480 1398 517 1464 ἐν
543 1401 683 1484 τρήμασι
712 1393 992 1510 στρογγύλοις,
971 1423 1019 1464 ων
1047 1399 1064 1465 ὁ
1093 1395 1154 1484 μὲν

148 1487 296 1574 ἕτερος“
279 1486 533 1573 υπερεχέτως
486 1491 533 1565 εἰς
554 1489 592 1552 τδ
612 1486 703 1564 ἐκτὸς
721 1511 819 1574 μερος
836 1510 900 1552 του
915 1491 1153 1572 γλωσσοκόμου

147 1578 229 1642 κατὰ
255 1577 315 1642 τὸν
338 1579 408 1641 ΓΔ
434 1576 619 1660 <τοῖχον
590 1599 650 1642 τον
671 1598 796 1662 παρακε
797 1578 933 1659 ίμενον)
956 1584 1002 1664 τῷ
1024 1579 1154 1662 κοχλίᾳ
1168 1592 1197 1632 1⁵

147 1666 168 1749 ἡ
201 1667 264 1750 άρα
295 1665 438 1777 ύπεροῇ
470 1672 730 1751 τετραγωνισθεῖ
731 1683 772 1730 σα
803 1663 927 1747 λαβέτω
955 1666 1154 1750 χειρολάβην

147 1755 209 1838 τὴν
236 1774 294 1837 ος,
322 1751 365 1818 δι’
392 1689 431 1836 ὐς
458 1752 760 1838 ἐπιλαμβανόμενός
787 1777 837 1831 τις
863 1751 918 1818 καλ
947 1752 1155 1840 ἐπιστρέφων

149 1916 338 2029 ενεχθῇσεται
360 1915 488 1989 εὐλύτως
510 1915 715 1997 στρεφομένων
738 1925 797 1978 τῶν
820 1916 937 1990 άξόνων
958 1915 1008 1978 καλ
1025 1925 1078 1996 τῆς
1095 1925 1154 1987 τῶν

148 2007 309 2086 τυμπάνων
332 2003 521 2085 παραθέσεως
544 2003 706 2087 άκριβῶς“
690 2028 766 2088 αρμο
768 2007 885 2084 ζούσης,
907 1998 970 2066 ἀλλ’
992 2004 1087 2087 ὥσπερ
1106 2005 1155 2067 ἕπλ

149 2097 239 2176 ζυγοῦ
266 2116 346 2167 τινος
353 2094 561 2256 ξίσορροινήσει
586 2091 605 2173 ἡ
630 2095 756 2242 δύναμις
783 2103 842 2155 τῶν
869 2090 900 2154 δ’
922 2095 1071 2155 ταλάντων
1093 2089 1157 2178 <τιῇ
1169 2107 1198 2148 2⁰

148 2185 232 2266 βάρει
254 2184 368 2263 τῶνρξ
374 2177 583 2262 ’ταλάντων>.
634 2181 686 2243 ἐὰν
708 2180 765 2263 άρα
788 2181 833 2244 ἕνλ
855 2181 954 2244 αὐτῶν
975 2188 1155 2264 προσθῶμεν

150 2270 249 2353 λόύγον
271 2295 297 2332 τι
320 2271 428 2352 βάρος,
455 2269 631 2352 καταρρίψει
657 2271 707 2331 καλ
729 2267 987 2352 ἐνεχθήσεταιέιβ
1013 2269 1155 2352 ὁπότερον

151 2359 237 2442 μέρος
259 2356 279 2438 ἡ
302 2359 462 2441 πρόσθεσις
479 2359 641 2467 γεγένχται
665 2359 740 2420 εί
708 2383 764 2441 γαρ
783 2360 871 2442 λόγου
890 2359 975 2442 χάριν
992 2369 1028 2446 τῇ
1046 2369 1104 2421 τῶν
1123 2354 1154 2422 δ’

149 2449 298 2510 ταλάντων
322 2449 446 2560 δυνάμει
468 2455 607 2528 μναῖαῖον
630 2454 779 2557 προστεθῇ
803 2449 912 2530 βάρος,
933 2457 1158 2528 κατακρατῇσαν

149 2537 386 2600 ἐπισπάσεται
359 2561 390 2599 το
414 2537 504 2618 βάρος
527 2547 585 2598 τῶν
608 2535 654 2619 ρξ’
673 2538 829 2600 ταλάντων.
1091 2568 1157 2624 ας

71 2640 124 2680 1⁰⁶8
235 2620 315 2688 Ἀντὶ
334 2623 365 2687 δὲ
379 2635 435 2706 τῇς
452 2624 639 2707 προσθέσεως
656 2647 767 2707 παρακε
769 2627 846 2687 ίσθω
860 2627 977 2707 κοχλίας
997 2625 1002 2704 Ι
1022 2647 1061 2711 τρι
1046 2629 1114 2686 Μ
1117 2629 1161 2686 Μ
1171 2641 1199 2683 25

151 2715 294 2802 τυμπάνῳ
322 2712 337 2776 ὁ
367 2716 437 2775 ΩΑ
464 2713 536 2795 ἔχων
563 2713 618 2793 τὴν
645 2711 726 2775 ἕλικα
752 2713 937 2796 ἁρμόζουσαν
969 2721 1030 2790 τοῖς
1059 2717 1156 2789 λοξοῖς

152 2854 255 2918 όδούσι
284 2865 336 2919 τού
364 2856 518 2937 τυμπάνου
540 2865 593 2918 τοῦ
616 2798 706 2916 Μῖέί.
740 2866 837 2919 τούτο
865 2853 897 2918 δὲ
919 2854 959 2930 ὡς
983 2857 1031 2918 δεῖ
1048 2861 1157 2936 ποιεῖν,

152 2943 185 3006 ἐν
206 2950 266 3018 τοῖς
285 2944 386 3018 αὐτοῖς
404 2948 594 3026 Μηχανικοῖς
608 2941 746 3026 Ἥρωνος
764 2944 932 3026 γέγραπται,
953 2945 1003 3008 καλ
1020 2941 1106 3026 ἡμεῖς
1124 2942 1156 3006 δὲ

151 3041 238 3095 τοῦτο
261 3031 439 3144 σαφέστερρν
461 3033 528 3114 ἒξῇς
550 3033 712 3115 γράψομεν
753 3033 923 3146 στρεφέσθω
946 3032 977 3095 δὲ
1001 3031 1016 3095 ὁ
1040 3033 1157 3146 κοχλίας

152 3109 279 3196 εὐλύτως
301 3121 419 3203 περλ’
387 3145 514 3205 τορμους
537 3121 655 3196 ἐνόντας
684 3121 716 3184 ἐν
739 3121 863 3205 τρήμασι
885 3114 1134 3205 στρογγύλοις,
1113 3147 1155 3183 ων
1170 3138 1200 3178 ³0

153 3208 283 3292 δετερος
302 3209 459 3293 ὑπερεχέτω
478 3212 521 3285 εἰς
539 3209 604 3273 τδέ
604 3212 654 3273 κτδ
657 3235 671 3284 ς
691 3209 777 3293 μέρος
795 3220 847 3274 τοῦ
863 3211 1070 3293 γλυσσοκόμου
1083 3210 1157 3273 κατὰ

152 3298 204 3361 τὸν
218 3303 270 3360 ΓΔ
287 3305 395 3381 τοῖχον,
413 3299 464 3362 καλ
481 3296 500 3378 ἡ
520 3298 646 3383 ὑπεροχῇ
666 3306 928 3381 τετραγωνισθεῖσα
941 3298 1051 3380 λαβέτω
1064 3321 1158 3380 χειροη

152 3389 247 3470 λάβην
265 3386 361 3469 (τὴν)
382 3393 444 3470 ςβ,
467 3383 507 3450 δι’
523 3381 559 3467 ἧς
578 3387 782 3469 ἐπιλαβόμενοι
800 3388 847 3449 καί
867 3386 1088 3469 ἐπιστρέφοντες
1105 3387 1158 3448 τὸν

151 3531 271 3611 κοχλίαν
284 3527 496 3614 ἕπιστρέψομεν
510 3529 560 3590 καλ
573 3529 605 3591 τὸ
619 3532 661 3589 Μ
663 3472 704 3589 I&
718 3529 882 3609 τύμπανον,
904 3527 975 3589 ὥστε
988 3527 1038 3590 καλ
1051 3526 1083 3590 τὸ
1098 3522 1156 3592 OQ

1145 3814 1160 3823 ι..
1170 3803 1289 3823 „hu-
