2596 3876
143 169 207 233 376
381 172 543 221 vrruuun
561 172 610 220 oa
629 171 913 222 ARCHITECTURA.

141 332 254 396 chinae
277 329 423 414 pluribus
448 331 552 414 operis
580 353 617 396 ac
638 332 671 394 vi
699 332 819 395 maiore
842 335 1001 416 cogimtur
1023 331 1166 399 effectus

140 439 272 521 habere,
299 439 348 500 uti
375 437 521 501 ballistae
548 437 857 520 torculariorumque
884 437 979 520 prela.
1035 459 1169 523 organa

142 548 250 607 autem
272 544 367 608 unius
387 565 500 627 operae
522 545 672 628 prudenti
695 548 783 608 tactu
805 544 976 627 perficiunt
999 545 1086 628 quod
1110 549 1169 609 est

142 651 354 734 propositum,
368 651 417 714 uti
432 652 608 734 scorpionis
623 673 679 715 seu
689 650 942 734 anisocyclorum
951 651 1166 715 versationes,

145 779 221 842 ergo
252 761 284 820 11
314 779 433 842 organa
465 763 497 822 et
526 758 745 822 machinarum
774 758 857 821 ratio
891 759 931 821 ad
961 780 1056 822 usum
1084 763 1168 822 sunt
1200 777 1217 817 5

144 864 330 946 necessaria,
360 865 428 928 sine
457 865 573 947 quibus
600 864 690 928 nulla
716 887 766 930 res
794 868 901 948 potest
928 887 996 928 esse
1023 887 1090 928 non
1114 865 1168 929 in-

145 969 262 1052 pedita.

551 1111 590 1196 X,
610 1114 639 1196 2,
660 1112 754 1177 1-3.

68 1255 119 1298 are
234 1237 441 1320 Primumque
464 1239 667 1302 instituemus
692 1238 729 1302 de
753 1238 780 1302 is
805 1259 885 1322 quae
909 1238 1040 1302 aedibus
1063 1237 1168 1302 sacris

146 1345 187 1409 ad
224 1366 419 1428 operumque
460 1345 662 1428 publicorum
704 1345 932 1428 perfectionem
972 1345 1211 1410 necessitatem

148 1455 382 1535 comparantur,
406 1473 487 1534 quae
509 1453 592 1515 fiunt
615 1453 667 1515 ita.

236 1557 341 1642 Tigna
359 1557 421 1622 duo
446 1558 485 1621 ad
505 1579 636 1622 onerum
654 1558 909 1643 magnitudinem
927 1559 1051 1622 ratione
1070 1579 1165 1640 expe-

148 1665 288 1728 diuntur.
330 1687 349 1727 1
368 1665 472 1748 capite
495 1687 532 1728 ea
554 1665 654 1728 fibula
673 1665 843 1730 coniuncta
861 1668 893 1728 et
911 1665 946 1728 in
964 1665 1029 1728 imo
1048 1663 1165 1727 divari-

149 1775 220 1836 cata
241 1771 415 1857 eriguntur,
438 1772 569 1836 funibus
593 1773 627 1836 in
650 1772 808 1856 capitibus
828 1771 1002 1836 conlocatis
1025 1775 1057 1834 et
1080 1771 1165 1834 circa

149 1878 315 1961 dispositis
334 1882 439 1945 erecta
455 1879 641 1942 retinentur.
674 1878 825 1963 alligatur
843 1879 878 1942 in
896 1900 1020 1942 summo
1034 1875 1163 1960 troclea,
1179 1897 1208 1938 11

149 2007 245 2068 quem
272 1984 369 2048 etiam
398 1985 546 2049 nonnulli
573 1985 757 2050 rechamum
785 1985 905 2052 dicunt
949 1985 984 2050 in
1009 1982 1162 2048 trocleam

148 2092 303 2156 induntur
318 2090 453 2155 orbiculi
467 2090 541 2176 <Π>
560 2113 617 2176 per
636 2090 776 2155 axiculos
791 2091 986 2155 versationes
1000 2091 1162 2155 habentes.

148 2221 206 2283 per
242 2197 422 2263 orbiculum
454 2199 656 2282 <summum>
688 2199 834 2262 traicitur
870 2199 1031 2262 ductarius
1067 2197 1162 2279 funis,

150 2305 264 2369 deinde
283 2305 463 2369 demittitur
481 2309 513 2368 et
530 2305 708 2369 traducitur
726 2306 809 2369 circa
828 2305 1007 2370 orbiculum
1025 2303 1161 2368 trocleae

150 2412 319 2476 inferioris.
361 2413 498 2476 refertur
520 2415 626 2474 autem
650 2412 690 2474 ad
709 2412 887 2476 orbiculum
907 2413 1007 2476 imum
1025 2410 1161 2475 trocleae
1175 2431 1203 2470 ao

151 2519 324 2602 superioris
348 2523 380 2582 et
400 2519 446 2581 ita
465 2518 627 2582 descendit
645 2519 685 2582 ad
703 2519 887 2583 inferiorem
906 2523 938 2582 et
956 2519 990 2582 in
1008 2518 1161 2582 foramine

151 2627 219 2690 eius
249 2624 412 2710 religatur.
465 2623 564 2687 altera
594 2647 666 2708 pars
694 2626 780 2689 funis
808 2625 945 2689 refertur
974 2626 1057 2688 inter
1084 2624 1161 2687 imas

113 2735 132 2789 2
151 2733 317 2796 machinae
340 2735 455 2814 partes.
506 2731 540 2794 in
564 2732 692 2820 quadris
716 2736 823 2796 autem
845 2732 1010 2817 tignorum
1032 2731 1160 2814 posteri-

152 2839 271 2920 oribus,
299 2859 362 2920 quo
386 2836 449 2902 loci
473 2841 547 2902 sunt
570 2839 755 2922 divaricata,
782 2840 927 2924 figimtur
949 2838 1104 2920 chelonia,
1129 2837 1160 2900 in

153 2965 233 3027 quae
253 2944 432 3008 coiciuntur
450 2943 631 3008 sucularum
654 2946 760 3029 capita
782 2949 819 3009 ut
841 2945 978 3010 faciliter
1001 2967 1074 3008 axes
1097 2967 1160 3008 ver·
1173 2963 1198 3002 1

153 3053 269 3114 santur.
321 3072 375 3114 eae
403 3051 530 3116 suculae
557 3052 701 3136 proxime
730 3053 835 3136 capita
861 3052 981 3116 habent
1007 3051 1160 3116 foramina

153 3157 230 3221 bina
253 3157 298 3220 111
320 3161 504 3242 temperata,
532 3163 568 3222 ut
590 3163 695 3224 vectes
723 3160 757 3223 in
780 3181 817 3223 11
840 3159 1008 3224 convenire
1031 3157 1158 3242 possint.

226 3411 243 3459 4
269 3404 491 3475 anisocyclorum
514 3405 666 3460 Iocumduc:
692 3403 789 3458 latinis
814 3403 980 3458 osciclorum
1004 3405 1158 3473 G(udimrur

50 3534 109 3552 Λ
156 3477 313 3604 plagii)
338 3477 733 3547 H(arleiuuus2767s.1X)
825 3474 1042 3530 9instituemus
1066 3492 1100 3530 cc.
1118 3491 1157 3530 ea-
