2602 3874
542 960 795 1044 HERONIS

243 1118 714 1203 MEOHAMOORUM
736 1120 1097 1205 FRAGMENTA

631 1312 656 1398 1,
681 1315 708 1378 1.

112 1474 153 1514 σεο
166 1473 196 1513 vi
263 1459 309 1542 Τῆ
333 1457 471 1542 δοθείσῃ
495 1456 634 1541 δυνάμει
656 1457 693 1521 τὸ
717 1451 821 1521 δοθὲν
843 1457 946 1543 βάρος
966 1466 1099 1540 κινῆσαι
1120 1459 1178 1524 διά

164 1546 344 1630 τυμπάνων
366 1545 561 1610 ὀδοντωτῶν
584 1543 806 1632 παραθέσεως.

251 1635 517 1699 Κατεσκευάσθω
540 1643 652 1718 πῆγμα
674 1635 826 1720 καθάπερ
849 1637 1101 1719 γλωσσόκομον·
1128 1639 1176 1714 είς

162 1725 241 1799 τοὺς
269 1725 415 1808 μακροὺς
438 1721 493 1788 καί
515 1726 747 1810 παραλλήλους
769 1725 902 1807 τοίχους
925 1723 1175 1790 διακείσθωσαν

163 1809 277 1888 άξονες
314 1813 518 1898 παράλληλοι
555 1810 684 1888 ἑαυτοῖς
721 1811 757 1876 ἐν
794 1813 990 1896 διαστήμασι
1027 1815 1175 1896 κείμενοι

163 1902 246 1966 ὥστε
282 1901 322 1965 τά
359 1910 495 1985 συμφυῆ
532 1900 645 1976 αὐτοῖς
681 1899 850 1965 ὀδοντωτά
884 1901 1039 1984 τύμπανα
1068 1923 1174 1988 παρα·
1203 1901 1216 1942 ⁵

111 2079 163 2120 ιοεο
177 2077 223 2118 flu.
271 2068 331 2142 Τῆς
364 2063 455 2144 αύτῆς
487 2062 519 2126 δέ
547 2062 625 2125 ἔστιν
656 2063 787 2174 θεωρίας
823 2061 856 2125 τδ
888 2061 980 2126 δοθὲν
1013 2065 1105 2174 βάρος
1138 2075 1174 2150 τῆ

163 2153 288 2238 δοθείση
308 2153 433 2230 δυνάμει
450 2162 581 2232 κινῆσαι·
603 2161 689 2214 τοῦτο
707 2151 763 2234 γὰρ
779 2145 1023 2234 Ἀρχιμήδους
991 2175 1045 2233 μεν
1059 2154 1175 2235 εύρημα

149 2241 272 2324 λέγεται
295 2241 472 2322 μηχανικόν,
496 2235 544 2320 ἐφ’
567 2265 590 2326 ιμ
612 2239 723 2322 λέγεται
745 2239 904 2322 εἰρηκέναι
928 2242 980 2314 δός
1004 2265 1064 2321 μοι,
1088 2245 1174 2354 φησί,

161 2340 220 2393 πού
245 2339 302 2391 στῶ
324 2329 375 2391 καὶ
396 2339 469 2392 κινῶ
492 2329 547 2408 τῆν
530 2340 631 2411 νγῆν.
660 2325 848 2411 Ἣρωνδδ
868 2324 1072 2412 Ἀλεξανδρευς
1091 2331 1173 2393 πάνυ

161 2428 265 2498 σαφῶς
287 2418 379 2480 αύτού
401 2418 456 2497 τῆν
478 2417 662 2497 κατασκευὴν
680 2416 795 2492 ἐξέθετο
813 2417 846 2480 ἐν
864 2425 904 2503 τῷ
923 2418 1094 2504 καλουμένω
1110 2423 1170 2480 Βοι-
1189 2435 1215 2473 1⁰

161 2513 292 2592 ρουλκιβ,
319 2513 420 2588 λῆμμα
442 2505 542 2586 λαβων
565 2507 636 2588 ὅπερ
660 2506 692 2567 ἐν
714 2513 776 2581 τοῖς
798 2481 987 2588 Μηχάνικοῖς
1010 2482 1172 2588 ἀπέδειξεν,

161 2597 238 2659 ἔνθα
261 2619 311 2658 και
333 2595 400 2677 περί
422 2605 480 2657 τῶν
504 2618 517 2656 ε
524 2591 706 2674 δυνάμεων
728 2597 929 2677 διαλαμβάνει,
951 2595 1099 2658 τουτέστιν
1118 2607 1172 2659 τοῦ

160 2709 190 2747 τε
223 2684 338 2765 σφηνὸς
370 2683 420 2746 καί
443 2689 552 2765 μοχλοῦ
583 2683 634 2746 καί
658 2685 777 2796 κοχλίου
809 2683 859 2746 καί
881 2686 1090 2746 πολυσπάστου
1121 2685 1173 2747 καὶ

160 2772 268 2849 άξονος
295 2774 329 2836 ἒν
352 2780 392 2860 τῷ
415 2774 599 2860 περιτροχίηο,
627 2765 713 2834 δι’
692 2797 735 2834 ων
757 2773 789 2835 τὸ
813 2771 905 2836 δοθὲν
928 2769 1040 2856 <βάρος
1062 2785 1105 2884 τῆ
1121 2775 1172 2836 δο-

160 2862 269 2949 θείση)
297 2864 422 2943 δυνάμει
448 2868 570 2924 κινεῖται
592 2857 664 2924 καθ’
690 2861 816 2942 ἑκάστην
839 2863 974 2943 δύναμιν.
1021 2862 1053 2924 ἐν
1076 2860 1108 2924 δὲ
1131 2869 1171 2949 τῷ
1188 2877 1214 2918 1⁵

159 2955 319 3036 Βαρουλκῷ
348 2951 397 3014 διδι
424 2951 587 3033 τυμπάνων
615 2949 785 3013 ὀδοντωτων
811 2950 1073 3032 παραθέσεωςέκί
1070 2975 1115 3014 νει
1137 2951 1170 3014 τδ

160 3038 254 3101 δοθὲν
268 3041 360 3151 βάρος
372 3051 408 3127 τῆ
424 3041 550 3152 δοθείση
561 3041 696 3120 δυνάμει,
709 3049 762 3120 τῆς
776 3038 933 3122 διαμέτρου
945 3050 999 3101 τοῦ
1013 3042 1169 3120 τυμπάνου

159 3127 282 3210 πρὸς
252 3153 307 3208 την
326 3130 482 3211 διάμετρον
497 3139 550 3191 τοῦ
564 3126 671 3203 άξονος
690 3129 777 3210 λόγον
791 3124 949 3209 ἕχούσης“
934 3151 970 3190 ον
988 3133 1006 3190 ε’
1008 3126 1160 3211 Ηπρδς
1127 3154 1170 3208 οι,

159 3227 212 3280 του
235 3216 415 3329 κινρυμένου
438 3219 550 3300 βάρους
573 3216 768 3299 ὑποκειμένου
791 3217 940 3278 ταλάντων
961 3219 1072 3298 χιλίων,
1096 3216 1169 3298 <τῆς

160 3305 192 3369 δὲ
214 3308 358 3386 κινούσης
381 3307 574 3386 δυνάμεως
557 3329 682 3388 υποκειμ
684 3304 775 3388 ένης>
797 3300 996 3367 ταλάντων’
970 3329 1004 3367 ε.
1184 3320 1212 3362 2⁰

241 3394 338 3458 Έστω
362 3394 399 3474 δὴ
422 3392 500 3506 ημμς
523 3394 571 3457 ἐπὶ
590 3397 747 3458 διπλασίου
756 3395 867 3544 g2670oeae
864 3393 904 3455 τὸ
923 3394 995 3456 αύτδ
1017 3395 1171 3456 δεικνύναι

158 3486 209 3549 καί
226 3486 376 3572 ταλάντοιν
395 3479 478 3564 ρξ”’
462 3507 548 3558 ουτος
571 3495 623 3546 τού
646 3482 825 3564 κινουμένου
848 3483 960 3564 βάρους
981 3481 1048 3544 ἀντὶ
1070 3483 1129 3564 χιλί
1128 3507 1170 3544 ων

159 3575 210 3637 καί
231 3586 283 3656 τῆς
305 3565 449 3652 κινούσης
467 3572 539 3634 αύτδ
558 3573 712 3652 δυνάμεως
730 3570 926 3651 ὑποκειμένης
945 3572 1095 3634 ταλάντων
1115 3568 1148 3632 δ’
1164 3565 1169 3654 Ι
