2602 3874
100 217 104 227 ·
135 203 201 268 274
285 207 444 258 meotes
462 207 754 260 MEOHANIOORUM
770 209 995 262 FRAGMENTA.

134 365 375 451 ὑποκειμένους
411 377 482 444 ταῖς
517 371 683 452 χοινικίσι.
737 373 883 434 καλείται
916 365 953 434 δὲ
984 370 1021 434 τὸ
1054 371 1145 456 ελρη-

135 473 239 558 μένον
266 471 368 550 ξύλον
394 472 490 551 ἄξων.
539 473 621 562 περί
643 472 680 540 δὲ
706 475 809 560 μέσον
835 477 895 541 τὸν
922 473 1024 553 ἄξονα
1050 498 1144 564 περι-

133 583 263 646 τίθεται
294 582 467 666 τύμπανον
499 584 575 666 έχον
606 591 712 669 τρῆμα
739 583 948 669 τετράγωνον
974 582 1143 669 ἁρμοστὸν

133 697 179 774 τῷ
204 685 312 772 ἄξονι,
340 689 423 753 ὥστε
446 689 513 772 ἄμα
535 687 739 774 στρέφεσθαι
761 691 822 754 τόν
844 712 878 758 τε
901 687 1002 766 ἄξονα
1024 689 1080 755 καὶ
1102 692 1149 756 τὸ-

133 797 352 881 περιτρόχιον.
1171 817 1186 856 5

54 913 107 954 111⁸
218 899 264 965 Ἡ
282 897 343 986 μέν
366 897 429 968 οὖν
450 903 633 986 κατασκευὴ
658 902 854 986 δεδήλωται,
877 905 970 990 χρεία
993 900 1022 966 θ’
1050 901 1141 968 ἐστὶν

132 1007 153 1092 η
181 1005 347 1092 μέλλουσα
373 1007 540 1092 λέγεσθαι.
590 1008 670 1072 όταν
696 1009 760 1095 γάρ
787 1010 989 1093 βουλώμεθα
1015 1010 1141 1092 μεγάλα

132 1111 218 1202 βάρη
240 1125 348 1180 κινεῖν
376 1114 529 1181 ἐλάσσονι
555 1117 627 1202 βία,
654 1117 694 1180 τά
722 1113 917 1200 ἐκδεδεμένα
940 1113 976 1180 ἐκ
998 1125 1058 1180 τοῦ
1081 1117 1140 1198 βά-

132 1245 213 1308 ρους
236 1221 322 1287 ὅπλα
343 1221 537 1309 περιθέντες
558 1220 634 1309 περὶ
656 1223 697 1287 τά
720 1221 924 1306 σεσιμωμένα
942 1229 1002 1287 τοῦ
1022 1219 1140 1300 ἄξονος

130 1327 186 1393 καί
222 1327 419 1413 ἐμβαλόντες
451 1330 613 1406 σκυτάλας
645 1330 692 1406 είς
723 1330 763 1394 τά
795 1327 831 1394 ἐν
862 1338 907 1416 τῷ
939 1333 1137 1416 περιτροχίῳ
1153 1349 1183 1389 ιο

129 1439 287 1522 τρήματα,
311 1433 551 1522 ε’πιστρέφομεν
573 1437 610 1500 τὸ
633 1438 844 1522 περιτρόχιον
866 1435 1063 1518 κατάγοντες
1080 1437 1139 1512 τάς

131 1543 308 1626 σκυτάλας,
340 1541 395 1608 καὶ
423 1543 528 1620 οὑτως
556 1543 703 1620 εὐκόπως
729 1543 943 1626 κινηθήσεται
970 1543 1007 1607 τὸ
1035 1541 1139 1628 βάρος

128 1650 195 1715 ὑπὸ
224 1649 403 1728 ἐλάσσονος
430 1650 602 1734 δυνάμεως
629 1659 696 1714 τῶν
720 1649 833 1714 ὅπλων
854 1647 930 1733 περὶ
953 1647 1013 1712 τὸν
1036 1647 1138 1726 ἄξονα

129 1755 374 1840 έπειλουμένων
404 1755 425 1840 ἢ
457 1755 513 1822 καὶ
540 1754 815 1842 ὑιαμηρυομένων
841 1755 906 1820 ὑπό
935 1777 1027 1831 τινος
1053 1755 1137 1841 πρὸς

127 1865 166 1928 τὸ
194 1865 238 1948 μη
266 1865 354 1928 ἄπαν
378 1863 415 1927 τὸ
440 1863 553 1928 ὅπλον
567 1868 777 1948 περικεῖσθαι
799 1869 844 1950 τῷ
867 1859 969 1939 ἄξονι.
1014 1869 1074 1926 τοῦ
1098 1857 1136 1926 δὲ
1150 1880 1179 1921 15

128 1969 304 2058 εἰρημένου
338 1969 485 2056 ὀργάνου
517 1969 554 2034 τὸ
586 1965 648 2053 μὲν
678 1967 821 2053 μέγεθος
852 1967 1053 2054 ἁρμόζεσθαι
1084 1968 1137 2032 ὑεῖ

126 2077 211 2164 πρὸς
233 2078 273 2140 τά
295 2075 457 2160 μέλλοντα
478 2082 646 2141 κινεῖσθαι
669 2075 765 2162 βάρη,
788 2075 849 2158 τὴν
872 2071 910 2139 δέ
932 2077 1136 2159 συμμετρίαν
1154 2145 1157 2148 ,

126 2185 211 2269 πρὸς
241 2184 301 2248 τὸν
332 2185 436 2266 λόγον
467 2181 507 2248 ὃν
539 2184 605 2268 ἔχει
632 2183 668 2247 τὸ
696 2182 897 2266 κινούμενον
923 2181 1025 2267 βάρος
1052 2169 1136 2265 πρὸς

125 2291 188 2374 την
210 2299 372 2354 κινοῦσαν
394 2290 549 2374 δύναμιν,
573 2289 618 2366 ὡς
641 2286 713 2372 ἑξῆς
736 2289 954 2373 δειχθήσεται.

580 2535 627 2623 11,
649 2538 678 2600 ε.

209 2673 273 2746 Ἦν
305 2677 342 2746 δέ
372 2678 514 2766 δευτέρα
538 2680 680 2763 δύναμις
706 2679 726 2762 η
755 2679 811 2743 διὰ
836 2687 897 2743 τοῦ
924 2661 1050 2763 μοχλοῦ
1076 2674 1132 2741 καὶ
1148 2695 1177 2736 νο

124 2789 206 2872 τάχα
228 2789 248 2872 ἡ
271 2789 469 2874 προεπίνοια
486 2795 544 2871 τῆς
561 2785 637 2873 περὶ
655 2787 695 2850 τά
711 2785 921 2872 ὑπεράγοντα
939 2785 1024 2870 βάρη
1042 2785 1132 2867 κινή-

125 2913 215 2972 σεως.
269 2896 486 2981 προελόμενοι
523 2894 586 2980 γάρ
620 2915 708 2970 τινες
739 2893 865 2976 μεγάλα
895 2891 981 2977 βάρη
1013 2899 1132 2974 κινεῖν,

125 3000 236 3084 ἐπειδὴ
263 3000 332 3066 ’άπὸ
363 3009 419 3085 τῆς
446 3009 507 3085 γῆς
534 3001 600 3066 ἔδει
627 3010 760 3086 πρῶτρν
787 3000 995 3086 μετεωρίσαι,
1028 2997 1132 3078 λαβάς

124 3103 161 3172 ὑὲ
193 3106 255 3172 οὐκ
287 3102 378 3192 εἶχον
405 3108 461 3172 ὑιά
488 3108 525 3172 τὸ
548 3107 659 3178 πάντα
685 3107 726 3171 τά
752 3103 833 3191 μέρη
861 3114 919 3188 τῆς
945 3103 1043 3190 ἕὺρας
1070 3111 1132 3169 τοῦ

194 3379 209 3427 6
229 3371 259 3427 si
276 3370 425 3442 inherpreti
439 3371 526 3426 Arabi
544 3371 612 3426 fides
631 3372 666 3440 (v.
683 3385 767 3439 supra
785 3387 811 3439 p.
827 3373 869 3437 94,
885 3368 928 3436 26)
948 3366 1009 3436 mit,
1028 3365 1074 3420 hie
1087 3365 1129 3420 la-

122 3461 195 3500 cuna
210 3442 361 3498 statuenda
375 3444 425 3498 est.
490 3449 523 3498 14
541 3439 596 3499 ὑτιό
610 3461 686 3504 τινος
704 3439 807 3510 spuria,
827 3457 880 3494 om.
895 3437 984 3492 Arabs
1002 3456 1029 3508 p.
1041 3442 1128 3505 96,18

158 3521 262 3571 14-15
285 3513 302 3583 ἢ
393 3513 474 3581 ἄξονι
499 3514 553 3569 del.
571 3513 617 3567 Hu
707 3517 740 3566 15
764 3513 906 3580 exspectes
925 3507 1071 3580 <ἄιιαντι>
1090 3512 1128 3580 τῷ

120 3585 203 3653 ἄξονι
221 3587 249 3658 (f.
270 3586 363 3642 deleto
383 3585 459 3640 ἄταν
479 3589 544 3640 ante
561 3584 593 3639 τὸ
612 3581 708 3652 ἄυλον)
781 3589 814 3638 21
833 3579 977 3652 ὑπεράγαν
995 3579 1041 3632 Ηο
