2596 3876
72 254 75 262 ·
166 225 232 288 384
405 227 566 277 mrauvn
584 226 936 277 antecesssorum.

163 391 196 451 et
226 387 260 450 in
288 385 415 450 trocleis
446 385 664 469 conlocantur,
696 409 754 470 per
786 408 866 470 quos
899 385 1059 451 orbiculos
1090 388 1176 452 funis

162 494 372 558 circumactus
391 493 519 556 directis
538 493 741 557 ductionibus
760 497 792 556 et
811 493 846 556 in
864 492 974 556 sucula
991 493 1177 558 conlocatus

162 600 301 663 vectium
324 599 557 663 versationibus
581 620 712 663 onerum
740 600 817 663 facit
840 621 985 684 egressus
1008 600 1043 664 in
1066 599 1176 664 altum.

162 707 252 771 cuius
276 705 403 769 suculae
426 706 568 770 cardines
592 707 640 769 uti
664 709 772 770 centra
794 705 933 788 porrecti
956 706 990 770 in
1011 705 1176 790 cheloniis,

161 813 435 896 foraminibusque
458 813 527 876 eius
549 817 655 876 vectes
678 811 819 877 conclusi
840 812 999 895 capitibus
1023 813 1064 876 ad
1086 813 1176 878 circi-
1205 833 1218 873 1

162 942 240 984 num
258 919 457 983 circumactis
475 919 562 983 torni
582 920 706 983 ratione
724 919 879 984 versando
898 919 1022 983 faciunt
1041 941 1175 984 onerum

162 1025 325 1090 elationes.
366 1025 634 1109 quemadmodum
653 1026 749 1089 etiam
766 1025 887 1089 ferreus
908 1026 1008 1090 vectis
1031 1047 1104 1090 cum
1127 1030 1177 1090 est

163 1133 310 1196 admotus
334 1132 373 1196 ad
397 1154 485 1215 onus,
510 1132 595 1215 quod
613 1155 765 1196 manuum
784 1131 957 1196 multitudo
980 1153 1047 1195 non
1068 1135 1177 1215 potest

85 1245 91 1258 ’
163 1261 299 1321 movere,
329 1240 496 1322 supposita
522 1239 571 1302 uti
594 1242 702 1302 centro
726 1242 872 1322 porrecte
894 1239 1065 1322 pressione,
1089 1239 1178 1322 quod

165 1344 275 1410 Gracci
297 1346 502 1429 ὑπομόχλιον
526 1344 697 1429 appellant,
727 1349 759 1408 et
781 1344 893 1430 lingua
916 1345 974 1409 sub
999 1367 1079 1408 onus
1103 1346 1177 1410 sub·
1192 1366 1220 1406 ro

87 1488 89 1492 ,
164 1452 239 1534 dita,
262 1455 357 1535 caput
376 1452 443 1516 cius
462 1452 557 1516 unius
575 1451 715 1516 hominis
734 1451 856 1515 viribus
873 1473 1019 1534 pressum
1043 1451 1077 1514 id
1095 1473 1177 1516 onus

79 1605 81 1608 .
126 1558 297 1623 textollit.
339 1558 410 1622 idco
429 1561 536 1622 autem
555 1558 641 1642 quod
659 1557 786 1622 brevior
808 1579 882 1641 pars
905 1559 994 1642 prior
1011 1559 1111 1622 vectis
1136 1559 1176 1622 ab

164 1688 201 1729 ea
223 1665 385 1748 pressione
413 1664 499 1748 quod
527 1668 575 1728 est
598 1667 741 1728 centrum
770 1664 856 1728 subit
884 1665 942 1727 sub
972 1686 1060 1747 onus,
1089 1665 1179 1748 quod

163 1771 292 1856 longius
315 1771 354 1834 ab
379 1793 416 1835 eo
435 1775 543 1835 centro
567 1771 687 1835 distans
711 1774 807 1855 caput
830 1771 897 1834 cius
921 1770 1095 1854 deducitur,
1119 1794 1179 1855 per

165 1879 198 1942 id
220 1877 368 1942 faciundo
392 1881 498 1942 motus
517 1877 733 1942 circinationis
757 1877 845 1962 cogit
862 1877 1081 1960 pressionibus
1104 1897 1219 1942 exa-1⁵

164 1985 280 2049 minari
307 1984 416 2068 paucis
444 1983 591 2048 manibus
620 1984 725 2048 oneris
752 1983 884 2046 maximi
911 1984 1045 2067 pondus.
1099 1985 1179 2048 item

97 2110 137 2150 seo
165 2093 192 2155 si
215 2092 274 2155 sub
295 2089 299 2178 Ι
320 2113 400 2155 onus
418 2092 517 2155 vectis
540 2090 635 2154 ferrei
652 2089 776 2174 lingula
794 2090 936 2154 subiecta
958 2091 1055 2154 fuerit
1073 2113 1179 2175 neque

165 2198 232 2261 eius
256 2201 351 2281 caput
374 2197 536 2282 pressione
564 2197 598 2260 in
625 2197 725 2258 imum
753 2197 808 2260 sed
835 2196 984 2260 adversus
1013 2197 1047 2260 in
1070 2196 1179 2260 altitu-

166 2304 271 2368 dinem
300 2303 483 2385 extolletur,
509 2301 633 2388 lingula
659 2301 742 2366 fulta
769 2303 803 2366 in
831 2325 921 2367 areae
949 2302 1017 2368 solo
1044 2303 1179 2368 habebit

165 2431 235 2474 eam
257 2432 316 2493 pro
340 2432 443 2494 onere,
468 2409 572 2473 oneris
592 2412 698 2472 autem
716 2409 817 2492 ipsius
837 2408 990 2494 angulum
1008 2431 1067 2493 pro
1091 2432 1178 2494 pres·
1193 2429 1220 2470 so

165 2517 262 2580 sione.
309 2517 354 2580 ita
380 2538 447 2580 non
473 2519 539 2579 tam
566 2514 703 2580 faciliter
733 2537 829 2598 quam
855 2537 913 2598 per
936 2516 1177 2599 oppressionem

166 2623 220 2687 sed
248 2623 397 2686 adversus
424 2621 633 2686 nihilominus
662 2622 695 2684 id
722 2622 846 2705 pondus
874 2623 979 2686 oneris
1007 2623 1068 2686 erit
1095 2625 1177 2688 exci-

164 2732 277 2792 tatum.
322 2729 422 2813 igitur
445 2729 473 2792 si
495 2727 567 2812 plus
590 2728 714 2814 lingula
736 2728 835 2792 vectis
861 2749 958 2812 supra
980 2729 1177 2812 hypomoch-

164 2833 233 2897 lion
259 2834 365 2918 posita
395 2834 453 2898 sub
486 2857 566 2899 onus
596 2835 730 2899 subierit
762 2838 793 2898 et
823 2838 918 2918 caput
948 2835 1015 2899 eius
1043 2836 1176 2919 propius

165 2943 309 3003 centrum
330 2943 508 3024 pressiones
531 2941 687 3025 habuerit,
710 2963 776 3006 non
798 2941 917 3024 poterit
940 2962 1020 3006 onus
1044 2941 1176 3025 elevare,
1191 2961 1218 3002 ae

164 3047 240 3129 nisi,
273 3049 540 3130 quemadmodum
573 3071 668 3132 supra
700 3048 855 3130 scriptum
887 3051 950 3131 est,
983 3049 1176 3113 examinatio

164 3154 263 3240 vectis
286 3153 497 3240 longitudinis
520 3178 577 3240 per
599 3156 712 3239 capitis
737 3154 940 3218 deductiones
963 3153 1061 3218 fuerit
1083 3155 1176 3219 facta.

127 3265 147 3322 4
253 3259 291 3326 Id
313 3265 420 3326 autem
443 3285 482 3326 ex
504 3263 643 3346 trutinis,
667 3283 748 3346 quae
767 3264 902 3324 staterae
921 3261 1079 3344 dicuntur,
1101 3259 1178 3326 licet

166 3369 371 3434 considerare.
418 3390 490 3432 cum
514 3371 599 3433 enim
626 3390 703 3432 ansa
725 3367 857 3452 propius
886 3371 981 3450 caput
1003 3367 1178 3431 1111111111-

34 3538 86 3552 ⁶..

238 3599 263 3667 1)
282 3597 315 3652 D.
330 3596 357 3651 h.
376 3613 458 3652 wenn
477 3596 527 3651 das
546 3599 644 3650 untere
662 3595 742 3649 Eudo
760 3594 859 3664 ltnger
876 3593 954 3648 wird.
