2602 3874
146 204 211 268 312
536 205 765 256 nnrnnrnunc.

146 369 218 451 πυρλ
249 367 315 450 περὶ
346 367 378 430 τὸ
410 374 489 430 λεῖον
521 368 570 430 καλ
601 367 736 449 λαμπρὸν
767 370 941 450 ξυμπαγοῦς
969 365 1162 449 γιγνομένου.

148 458 228 533 δεξιὰ
252 455 283 518 55
306 458 481 536 φαντάζεται
502 457 537 518 τά
560 457 704 540 ἀριστερά,
734 457 778 518 ὅτι
800 461 861 530 τοῖς
888 455 1033 529 ἐναντίοις
1061 455 1163 538 μέρεσι

146 557 199 626 τῆς
232 545 329 623 ὄψεως
360 546 427 628 περὶ
457 545 597 608 τάναντία
629 545 702 628 μέρη
730 547 859 628 γίγνεται
885 545 986 624 ἐπαφὴ
1016 545 1095 626 παρὰ
1124 545 1161 607 τὸ

147 635 289 709 καθεστὸς
317 634 389 708 ἔθος
415 643 468 714 τῆς
495 638 670 718 προσβολῆς
717 635 796 708 ὃεξια
824 633 856 696 55
883 634 920 695 τά
948 633 1028 709 δεξιὰ
1050 634 1154 696 καλ
1122 657 1161 695 τα

147 722 280 832 ἀριστερά
298 721 432 806 ἀριστερὰ
450 724 671 802 τουναντίον,”
654 747 724 785 οταν
744 722 888 836 μεταπέσῃ
908 724 1163 804 συμπηγνάμενον

148 801 171 898 ᾧ
199 813 405 924 συμπήγνυται
436 822 514 891 φῶς
550 823 636 875 τουτο
669 811 764 892 55‚'
747 835 818 873 οταν
846 810 865 892 ἡ
897 821 956 874 τῶν
988 811 1163 894 κατόπτρων

147 876 273 981 λειότης,
303 901 392 962 ἔνθεν
419 901 469 962 καλ
497 901 587 962 ἔνθεν
614 902 681 980 uon
708 904 763 980 λαβ
745 904 897 1014 βρῦσα,τ
881 900 1019 980 abac
1020 925 1038 962 ν
1061 899 1153 973 εἰς
1124 923 1161 962 το

148 988 354 1072 ἀριστερὸν’
319 1013 406 1072 μερος
425 989 528 1076 ἀπάτη
547 1000 599 1069 τῆς
618 987 716 1070 ὄψεως
734 989 784 1050 καλ
801 991 928 1070 θάτερον
950 989 998 1051 ἐπὶ
1020 990 1160 1070 θάτερον.

147 1079 219 1141 κατὰ
251 1077 283 1140 55
310 1079 342 1140 τὸ
371 1088 465 1158 μῆκος
496 1077 625 1160 στραφὲν
655 1089 708 1141 τοῦ
740 1080 901 1160 προσώπου
933 1077 1040 1139 ταυτὸν
1071 1087 1160 1140 τοῦτο

147 1168 254 1230 omne
277 1167 395 1247 ἐποίησε
417 1177 479 1228 πᾶν
501 1169 680 1247 φαίνεσθαι,
707 1167 739 1228 τὸ
766 1168 844 1228 κάτω
873 1167 947 1248 πρὸς
965 1166 997 1228 τὸ
1020 1165 1084 1228 ἀνω
1105 1176 1160 1246 τῆς

148 1256 244 1339 αὐγῆς
266 1256 298 1317 τό
321 1251 347 1317 τ’
372 1254 435 1318 ἀνω
457 1256 531 1338 πρὸς
553 1256 585 1318 τὸ
608 1257 687 1318 κάτω
709 1257 797 1318 πάλιν
821 1255 952 1318 ἀπῶσαν.

236 1345 353 1406 Lucret.
377 1347 412 1404 de
435 1367 491 1406 rer.
510 1350 570 1406 nat.
589 1347 633 1404 IV
653 1348 827 1406 285-300
847 1347 891 1406 ed.
910 1347 1034 1424 Brieger
1052 1346 1083 1404 in
1101 1345 1160 1404 Be·

148 1436 274 1514 ziehung
298 1437 353 1494 auf
372 1435 700 1514 Widerspiegelungen:
1168 1463 1169 1466 ¹

193 1614 243 1672 Fit
267 1631 386 1688 quoque
410 1613 445 1672 de
469 1613 587 1689 speculo
610 1613 641 1671 in
664 1614 817 1689 speculum
839 1617 875 1672 ut
893 1614 1032 1672 tradatur
1049 1614 1160 1690 imago,

194 1702 326 1777 quinque
350 1701 441 1760 etiam
464 1720 549 1760 sexve
573 1705 609 1760 ut
631 1701 695 1761 fieri
718 1703 877 1761 simulacra
900 1703 1023 1762 su5rint.

193 1809 263 1848 nam
287 1809 490 1865 quaecumque
513 1793 593 1848 retro
616 1794 702 1866 perte
725 1792 865 1850 interiore
887 1791 1034 1868 latebunt,

193 1879 262 1937 inde
284 1882 394 1952 tamen,
418 1879 555 1954 quamvis
578 1883 656 1938 torte
678 1881 858 1956 penitusque
880 1883 1003 1956 remota,

195 1968 294 2028 omnia
316 1988 370 2043 per
392 1967 481 2027 flexos
505 1968 603 2027 aditus
627 1967 734 2026 educta
756 1969 857 2027 licebit

194 2056 329 2132 pluribus
352 2057 425 2115 haec
448 2057 583 2132 speculis·
598 2057 757 2116 videantur
779 2058 811 2115 in
834 2057 957 2117 aedibus
981 2075 1051 2116 esse.

194 2163 289 2221 usque
314 2145 386 2204 adeo
410 2165 425 2202 e
449 2146 569 2222 speculo
592 2146 624 2203 in
647 2147 801 2222 speculum
823 2147 987 2205 translucet
1009 2146 1123 2222 image,

195 2237 225 2292 et
248 2253 315 2292 cum
333 2235 419 2292 laeua
443 2233 513 2293 data
537 2235 588 2309 est,
611 2234 646 2292 fit
668 2253 797 2309 rursum,
819 2237 856 2293 ut
878 2235 998 2293 dextera
1021 2234 1087 2309 fiat,

194 2323 262 2380 inde
285 2325 364 2380 retro
386 2341 505 2381 rursum
527 2323 604 2381 redit
627 2325 657 2380 et
679 2324 824 2383 convertit
848 2323 957 2382 eodem.

196 2411 268 2486 quin
291 2411 382 2468 etiam
405 2430 605 2486 quaecumque
628 2412 778 2470 latuscula
801 2415 872 2470 sunt
894 2413 1081 2489 speculorum

195 2499 324 2558 adsimili
346 2500 449 2558 lateris
473 2500 585 2558 flexura
608 2501 745 2577 praedita
768 2501 871 2576 nostri,

196 2589 316 2646 dextera
340 2591 498 2664 eapropter
519 2589 603 2648 nobis
627 2589 786 2649 simulacra
809 2590 976 2664 remittunt,

197 2679 250 2735 aut
273 2677 346 2752 quia
369 2677 405 2734 de
427 2677 546 2752 speculo
568 2678 600 2736 in
623 2680 776 2754 specuium
798 2680 979 2738 transfertur
1000 2677 1109 2756 image,

196 2765 264 2823 inde
288 2765 326 2823 ad
348 2785 401 2824 nos
425 2766 498 2824 elisa
520 2766 565 2825 bis
589 2767 719 2844 advolat,
742 2769 796 2826 aut
820 2767 911 2826 etiam
934 2767 1014 2843 quod

197 2854 306 2913 circum
330 2854 439 2931 agitur,
463 2873 531 2912 cum
553 2857 643 2932 venit,
666 2857 764 2934 imago
788 2859 946 2932 propterea
969 2855 1048 2932 quod

196 2943 272 3002 flexa
294 2942 392 3020 figura
415 2944 501 3004 docet
524 2945 636 3020 specuti
659 2947 825 3005 convertier
848 2945 886 3004 ad
908 2963 970 3004 noc.

239 3119 383 3178 Plutarch
405 3121 445 3179 de
468 3121 561 3180 facie
584 3122 619 3179 in
643 3121 725 3180 orbe
747 3123 866 3196 lunae,
891 3124 1009 3182 930⁸-⁰
1026 3121 1064 3196 V,
1087 3123 1160 3196 429,

154 3209 316 3284 25-430,
341 3211 382 3268 20
406 3209 449 3268 ed.
472 3209 614 3270 Bernard.
637 3211 669 3268 in
691 3211 793 3288 Bezug
816 3212 870 3269 auf
890 3211 1116 3288 Klappspiegel:

240 3295 426 3377 Αἰσχύνομαι
440 3295 493 3378 μέν
508 3347 514 3358 .
531 3347 536 3358 .
552 3344 558 3356 .
573 3295 660 3359 θέσιν
679 3297 811 3380 ἀναιρεῖν
826 3297 1045 3379 μαθηματικήν,
1064 3297 1159 3380 ὥσπερ

151 3383 290 3466 θεμέλιον
314 3391 374 3459 τοῖς
397 3393 601 3469 κατοπτρικοῖς
624 3386 824 3467 ὑποκειμένην
842 3388 1021 3469 πράγμασιν·
1046 3385 1159 3468 ἀνάγκη

153 3469 181 3536 δ’
206 3475 299 3537 εἰπεῖν
323 3474 367 3536 ὅτι
388 3473 420 3537 τὸ
442 3475 517 3557 πρὸς
540 3475 591 3550 τὰς
614 3477 679 3550 ἴσας
697 3478 852 3558 γίγνεσθαι
869 3476 979 3557 γωνίας
997 3474 1159 3537 ἀνάκλασιν
