2596 3876
150 196 216 262 330
416 196 622 268 [succensu]
641 200 690 248 nn
710 199 886 250 senescis.

147 360 219 424 visu
249 358 391 423 incidens
422 363 453 422 et
482 359 636 424 refractus
666 359 707 422 ed
735 358 769 422 id
798 359 884 442 quod
911 359 1037 423 videtur
1062 359 1172 424 faciat

148 464 296 532 similiter
325 469 509 548 utrumque,
541 465 663 530 scilicet
694 465 886 530 incidentem
918 469 950 529 et
978 465 1169 548 retractum,

148 573 304 636 minorem
328 572 477 636 omnibus
501 566 649 636 similiter
671 571 883 636 incidentibus
907 576 939 636 et
961 572 1114 637 refractis.
1152 564 1156 568 ’

627 748 682 812 Vl.

236 870 279 936 In
311 872 437 956 planis
469 873 637 957 speculis
671 878 728 938 est
760 871 902 957 aliquis
933 871 1053 955 locus,
1087 895 1163 958 quc

95 1043 101 1050 ,
148 979 387 1062 apprehenso
409 1001 485 1045 non
508 980 672 1064 amplius
694 980 847 1044 videtur
870 979 1022 1044 idolum.
1198 997 1213 1038 s
1291 1003 1293 1044 i

82 1105 121 1146 sss
239 1083 288 1150 Sit
307 1087 391 1151 enim
410 1086 575 1170 speculum
592 1084 595 1173 l
613 1086 745 1170 planum
764 1086 850 1170 quod
868 1107 912 1169 ay
930 1089 1004 1150 †aut
1022 1085 1165 1151 inrecta

149 1192 219 1270 sibi,
243 1191 354 1258 oculus
378 1197 486 1258 eutem
509 1193 540 1276 b,
562 1193 689 1257 visibile
713 1197 819 1257 eutem
842 1194 876 1276 d,
900 1196 932 1256 et
954 1192 1165 1276 perpendicu-

146 1298 228 1363 lares
272 1299 428 1364 ducuntur
468 1299 508 1363 ed
537 1279 712 1382 'speculum
1136 1287 1141 1296 '¹

148 1428 210 1490 que
241 1407 299 1488 ed,
327 1406 380 1488 by,
424 1410 455 1470 et
492 1410 615 1470 secetur
651 1429 712 1490 que
769 1419 819 1493 a-
1113 1398 1150 1460 d

147 1534 310 1596 appense
333 1513 366 1594 b,
396 1513 442 1576 its
466 1516 503 1576 ut
526 1513 568 1577 sit
591 1517 627 1576 ut
651 1535 712 1597 quc

147 1618 256 1683 adad
279 1619 319 1700 bp
343 1619 469 1702 queab
491 1619 599 1701 adby.
640 1619 711 1684 dice
809 1618 819 1659 ἒ

147 1725 255 1808 itaque
280 1725 366 1808 quod
389 1725 587 1809 apprehenso
605 1725 712 1792 lcccb

146 1853 213 1896 non
236 1830 373 1914 amplius
395 1831 522 1896 videtur
544 1835 573 1897 d.
617 1855 713 1916 copu-

146 1936 253 2002 lentur
267 1937 351 2001 enim
366 1960 427 2022 quc
442 1939 492 2022 bb,
504 1939 558 2004 bd.
581 1943 713 2023 propter

147 2045 387 2130 propoitionem
436 2045 544 2130 itaque
595 2045 712 2114 similia
812 2040 819 2115 ξ

148 2154 240 2216 erunt
276 2151 411 2236 trigona.
469 2151 590 2236 equalis
628 2152 712 2216 enim
781 2146 818 2244 a„

148 2261 196 2322 est
219 2256 355 2342 angulus
378 2278 394 2322 e
416 2257 534 2343 angulo
557 2280 588 2341 s,
615 2279 712 2342 quare

147 2386 204 2450 per
222 2365 349 2450 signum
367 2364 389 2427 le
406 2365 572 2448 apparebit
590 2367 619 2430 d.
659 2387 712 2448 ep·

147 2471 304 2556 prehenso
332 2492 408 2555 erge
435 2470 507 2535 lccc
536 2492 607 2535 cere
632 2470 684 2534 vel
712 2469 819 2554 eliquo
847 2469 999 2534 alienon
1022 2469 1158 2553 amplius

147 2577 308 2642 videbitur
326 2579 354 2640 d.
392 2577 419 2639 si
440 2581 547 2648 autem
566 2577 732 2662 signumb
755 2575 879 2641 excidet
902 2598 921 2639 a
943 2575 1082 2660 speculo,
1105 2598 1158 2659 cp·
1171 2591 1197 2632 2⁰

147 2684 272 2769 parebit
291 2681 412 2747 idolum
431 2683 465 2747 in
479 2682 617 2766 speculu
653 2705 762 2747 omnes
782 2682 867 2746 enim
884 2670 966 2746 redii
985 2681 1157 2747 incidentes
1289 2745 1293 2758 ,

148 2789 277 2874 speculo
301 2791 336 2853 in
358 2789 483 2875 angulis
508 2789 673 2874 equalibus
696 2789 919 2875 refringentur.
1153 2785 1154 2788 ’

911 2310 961 2360 nsg.
976 2310 1006 2350 us.

619 2965 689 3030 VH.

236 3088 279 3154 ln
318 3090 485 3174 speculis
526 3091 651 3175 planis
692 3091 797 3155 visus
837 3090 997 3154 refracti
1037 3111 1156 3174 neque

148 3201 376 3262 concurrent
399 3198 562 3262 invicem
584 3220 706 3282 neque
729 3196 1012 3281 equidistantes
1036 3200 1131 3261 sunt.

219 3362 234 3410 2
258 3354 388 3410 similiter
408 3354 499 3410 ΘΑΕ
519 3355 573 3426 (sil'
593 3355 644 3424 A),
671 3371 764 3426 praece
782 3351 895 3424 ὁμοίως,
922 3355 996 3422 quod
1013 3353 1102 3408 nescio
1121 3369 1155 3406 au

147 3443 181 3482 ec
200 3425 272 3497 ὁμῶς
292 3426 473 3482 ‘zusammen'
494 3426 673 3497 depravatum
686 3427 722 3480 sit
774 3431 792 3478 4
810 3424 845 3490 cf.
860 3423 957 3478 Witelo
971 3424 1003 3490 V,
1017 3427 1055 3478 46
1064 3440 1093 3491 p.
1103 3425 1153 3476 211

185 3503 200 3552 5
220 3498 340 3569 emplius
361 3498 397 3553 O.-
416 3497 507 3552 adhuc
526 3498 591 3552 An
612 3500 678 3567 (non
693 3496 784 3550 adhuc
803 3520 837 3540 =
856 3491 958 3563 οὐκέτι)
1019 3499 1088 3546 6-7
1108 3494 1154 3546 sut

47 3592 107 3610 -·-
149 3611 190 3625 ...
206 3569 261 3624 sibi
274 3576 410 3641 corrupta.
446 3569 548 3624 Graece
561 3570 600 3624 sic
613 3569 669 3636 fere
683 3567 832 3638 tepebatur:
845 3563 930 3620 Ἔστω
949 3562 1002 3633 γὰρ
1022 3559 1153 3618 ἐπίπεδον
