2596 3876
139 171 204 234 386
379 174 542 224 VITRUVII
559 175 609 223 DE
628 175 913 226 ARCHITECTURA.

140 333 212 398 cula
233 333 359 417 pendet,
383 334 428 398 ibi
451 338 488 398 ut
509 338 653 398 centrum
676 338 724 398 est
743 335 908 400 conlocata
931 339 963 399 et
981 337 1161 419 aequipon-

140 441 228 504 dium
248 441 282 504 111
301 440 433 504 alteram
451 444 575 524 partem
594 442 689 524 scapi,
712 464 769 524 per
787 446 906 525 puncta
923 443 1069 526 vagando
1089 465 1159 526 quo

139 546 268 632 longius
297 549 352 610 aut
380 547 476 610 etiam
504 547 544 610 ad
567 551 743 610 extremum
770 548 966 632 perducitur,
997 547 1093 632 paulo
1122 553 1160 612 et

140 653 244 737 inpari
267 653 406 737 pondere
430 653 660 737 amplissimam
682 655 868 739 pensionem
896 677 1005 738 parem
1028 657 1159 738 perficit
1276 701 1277 716 2

140 783 198 848 per
216 761 303 844 scapi
321 759 525 824 librationem
544 761 746 826 examinatio.
778 762 825 824 ita
837 760 966 846 longius
985 761 1025 825 ab
1044 766 1158 826 centro
1189 781 1204 822 5

139 867 289 932 recedens
313 866 492 931 inbecillior
515 867 721 950 aequipondii
748 867 887 932 brevitas
910 869 1065 932 maiorem
1086 869 1158 952 vim

141 973 291 1058 ponderis
320 977 482 1037 momento
512 974 668 1037 deducens
697 974 764 1038 sine
786 975 988 1038 vehementia
1015 974 1160 1039 molliter

103 1081 180 1145 tab
209 1081 274 1144 imo
303 1102 428 1144 sursum
455 1102 582 1144 versum
614 1081 722 1165 egredi
754 1083 854 1166 cogit,
887 1082 1157 1166 quemadmodum
1275 1071 1277 1158 l

141 1189 238 1252 etiam
256 1187 347 1252 navis
362 1187 524 1251 onerariae
537 1187 695 1250 maximae
709 1187 904 1272 gubernator
918 1209 1028 1254 ansam
1042 1189 1158 1274 guber-

140 1294 247 1360 naculi
265 1298 385 1375 tenens,
410 1293 466 1376 qui
487 1291 740 1370 111ξ111111111
760 1293 948 1377 appellatur,
971 1317 1035 1358 uua
1057 1318 1157 1359 manu
1174 1317 1201 1355 11

141 1405 305 1465 momento
325 1421 382 1483 per
400 1403 544 1463 centrum
559 1401 776 1482 pressionibus
789 1401 914 1466 ratione
933 1401 1010 1465 artis
1030 1401 1156 1487 agitans

141 1512 247 1572 versat
271 1529 340 1570 eam
364 1505 570 1590 amplissimis
594 1511 625 1570 et
646 1507 838 1571 immanibus
862 1508 975 1572 mercis
1000 1513 1031 1571 et
1053 1531 1156 1591 penus

143 1613 338 1702 ponderibus
362 1617 534 1676 oneratam.

572 1807 724 1892 1113.

107 1949 116 1974 ⁴
233 1931 360 1996 Olearia
391 1936 497 1997 autem
529 1933 575 1995 ita
607 1936 655 1996 est
687 1932 893 2016 conlocanda,
925 1938 963 1996 ut
993 1934 1110 1998 habeat
1138 1953 1198 1997 are

141 2040 274 2104 meridie
298 2039 471 2122 calidisque
493 2039 678 2123 regionibus
703 2038 819 2103 lumen.
864 2061 931 2104 non
954 2042 1039 2104 enim
1062 2041 1156 2104 debet

140 2145 249 2212 oleum
273 2146 443 2233 congelari,
467 2146 522 2209 sed
544 2149 654 2228 tepore
677 2145 790 2209 caloris
817 2147 988 2211 extenuari.
1034 2148 1156 2233 magni-

142 2253 269 2319 tudines
297 2257 403 2318 autem
434 2274 542 2316 earum
566 2252 605 2314 ad
627 2252 790 2316 fructuum
812 2254 969 2318 rationem
993 2257 1025 2318 et
1046 2276 1157 2318 nume-

142 2383 214 2426 rum
234 2359 392 2425 doliorum
417 2363 491 2422 sunt
508 2358 679 2440 faciendae,
703 2381 793 2442 quae,
816 2381 888 2424 cum
912 2361 977 2424 sint
997 2359 1156 2443 cullearia,

142 2491 200 2552 per
222 2467 362 2530 medium
386 2487 540 2548 occupare
568 2465 683 2530 debent
709 2465 805 2549 pedes
829 2471 1009 2550 quaternos.
1050 2467 1156 2550 ipsum
1170 2487 1196 2527 ao

61 2649 69 2668 ,
143 2578 250 2638 autem
273 2572 421 2653 torcular,
450 2572 476 2634 11
503 2593 569 2636 non
597 2571 711 2636 cocleis
735 2576 911 2656 torquetur,
935 2573 988 2637 sed
1011 2574 1156 2637 vectibus

144 2685 176 2744 et
198 2679 287 2764 prelo
310 2679 475 2762 premitur,
497 2700 538 2742 ne
560 2679 666 2742 minus
689 2678 823 2764 longum
846 2680 941 2763 pedes
960 2679 1017 2744 XL
1041 2681 1156 2744 consti-

143 2790 266 2869 tuatur3
302 2785 348 2848 ita
384 2783 469 2848 enim
506 2785 567 2848 erit
602 2785 754 2849 vectiario
792 2787 931 2871 spatium
964 2787 1155 2871 expeditum.

143 2893 280 2956 latitudo
305 2891 372 2955 eius
395 2913 435 2955 ne
458 2891 564 2955 minus
584 2892 702 2975 pedum
725 2914 837 2956 senum
860 2892 990 2980 denum,
1013 2916 1088 2958 nam
1111 2895 1157 2958 sic

145 2999 205 3063 erit
228 2998 268 3062 ad
290 2997 421 3080 plenum
445 3020 525 3082 opus
548 2999 738 3063 facientibus
765 2998 867 3063 libera
888 3001 1026 3064 versatio
1050 3004 1082 3064 et
1105 3023 1156 3064 ex·
1170 3017 1195 3058 ²⁶

144 3105 260 3190 pedite.
315 3105 366 3169 sin
397 3109 503 3169 autem
536 3105 660 3168 duobus
692 3104 789 3188 prelis
825 3105 896 3170 loeo
934 3129 1014 3190 opus
1050 3107 1156 3190 fuerit,

146 3217 297 3300 quattuor
321 3215 352 3276 et
374 3213 491 3298 viginti
515 3212 610 3296 pedes
634 3211 798 3275 latitudini
821 3213 942 3278 dentur.
