2596 3876
190 233 255 297 398
476 233 668 304 [εααωωω]
688 235 919 286 αενονιειοε.

190 405 253 461 οῦν
281 402 335 479 ίση
363 394 383 478 ἡ
406 401 438 461 Ε
463 398 567 479 γωνία
595 406 634 482 τῇ
665 400 699 460 Ζ.
751 395 820 479 ἥξει
848 396 912 481 ἄρα
941 395 1155 479 ἀνακλωμένη
1184 395 1205 479 ἡ

59 582 64 590 Ι
190 505 258 566 ΒΓ
281 504 357 580 ὄψις
385 500 437 567 ἐπὶ
465 503 502 567 τὸ
526 506 564 566 Β.
610 500 731 587 ὁμοίως
754 498 791 566 δὲ
813 499 868 566 καὶ
891 503 926 566 αἱ
951 504 1071 567 λοιπαί.
1123 501 1205 567 αὐτὸ

190 611 297 693 μόνον
319 609 384 695 ἄρα
406 608 521 694 ὁρᾶται
544 609 581 673 τὸ
606 613 642 672 Β.

666 846 725 888 κε.

110 963 170 1005 ωντ
276 944 331 1012 Ἐν
349 956 418 1023 τοῖς
436 949 560 1024 κοίλοις
577 945 748 1032 ἐνόπτροις
767 947 824 1013 ἐὰν
844 945 897 1012 ἐπὶ
916 956 974 1029 τῆς
991 950 1205 1033 περιφερείας
1230 966 1243 1008 ι

189 1058 255 1137 θῇς
278 1053 315 1117 τὸ
339 1054 427 1137 ὄμμα
449 1101 516 1137 ...,
540 1053 581 1118 οὐ
606 1055 819 1137 φαίνεταιτὸ
843 1056 939 1139 ὄμμα.

270 1156 376 1224 ’Έσπω
409 1165 522 1224 κοῖλον
554 1162 715 1245 ἔνοππρον
747 1161 784 1225 τὸ
812 1166 845 1224 Α
850 1163 926 1244 ΓΒ,
957 1159 1012 1226 καὶ
1045 1163 1083 1226 τὸ
1115 1163 1204 1246 ὄμμα

189 1268 315 1331 κείσθω
348 1263 401 1330 ἐπὶ
432 1276 490 1351 τῆς
521 1269 732 1353 περιφερείας
763 1267 868 1332 αὐτοῦ
899 1267 937 1332 πὸ
965 1271 1009 1351 B,
1041 1269 1132 1346 ὄψεις
1165 1264 1203 1332 δὲ

190 1371 486 1457 προσπιπτέτωσαν
521 1374 555 1438 αἱ
589 1377 670 1456 BA,
702 1376 769 1438 ΒΓ
801 1371 855 1438 καὶ
891 1373 1202 1439 ἀνακικίοίσθωσαν.

191 1480 317 1544 οὐκοῦν
339 1481 457 1563 μείζων
480 1478 572 1546 ἐστὶν
594 1480 614 1564 ἡ
637 1476 699 1563 μὲν
721 1484 774 1564 M,
795 1484 824 1545 Θ
846 1482 951 1564 γωνία
974 1489 1032 1564 τῆς
1050 1483 1096 1563 K,
1120 1479 1139 1563 ἡ
1164 1477 1201 1544 δὲ
1217 1500 1243 1540 ω

124 1604 164 1644 ωε
191 1590 234 1669 Ε,
249 1589 280 1650 A
303 1593 361 1668 τῆς
381 1589 421 1670 Z,
442 1584 446 1672 ί
468 1585 551 1651 ὥστε
574 1586 635 1651 οὐκ
658 1586 967 1669 ἀνακλασθήσονται
991 1587 1025 1652 αἱ
1043 1591 1123 1670 BA,
1139 1590 1207 1651 ΒΓ

190 1693 284 1770 ὄψεις
307 1690 360 1758 ἐπὶ
382 1693 419 1758 τὸ
443 1695 471 1757 Β
494 1695 591 1777 ὄμμα.
637 1695 684 1770 εἰς
710 1694 748 1758 τὸ
776 1695 864 1778 ὄμμα
891 1689 928 1758 δὲ
952 1695 981 1758 εί
1004 1692 1203 1776 ἀνεκίῶνιο,

193 1805 261 1864 ίσαι
285 1798 326 1864 ἂν
349 1800 384 1864 αἱ
407 1802 524 1883 γωνίαι
547 1800 630 1885 πρὸς
653 1810 722 1876 τοῖς
745 1806 790 1884 A,
815 1803 847 1866 Γ
865 1799 1044 1883 ἐγίγνοντο.
