2596 3876
183 186 249 250 334
452 186 659 257 [PPOLOMEI]
677 189 727 238 nn
746 188 924 240 sancums.

183 347 320 433 angulus
343 368 373 432 0,
392 353 405 412 t
431 370 526 432 quam
544 367 611 414 ma.
658 370 719 432 que
742 370 818 434 ergo
839 369 895 433 pa,
914 347 957 414 bt
981 369 1084 434 neque
1108 351 1206 433 equi-

183 455 337 519 distantes
361 459 437 519 sunt
457 477 561 538 neque
584 454 768 520 coincidunt
791 477 830 519 er
852 459 942 539 parte
964 476 994 539 a,
1012 456 1040 519 lt.

659 648 713 714 IX.

269 771 312 838 ln
335 773 504 857 speculis
528 775 720 858 concavis,
748 774 897 858 quando
925 773 1058 838 oculus
1082 796 1202 858 super

182 884 353 944 centrum
380 879 531 964 positus
558 881 689 962 fuerit,
719 881 824 945 visus
850 881 1010 945 refracti
1040 879 1084 944 ad
1107 902 1200 945 ccu—

181 985 258 1050 lum
280 987 550 1072 refringantur.
1228 1008 1241 1048 s

117 1112 156 1154 aa
273 1091 324 1158 Sit
342 1093 506 1177 speculum
525 1114 699 1158 concavum
718 1093 804 1178 quod
822 1094 905 1177 apd,
928 1094 1018 1158 cuius
1041 1091 1199 1180 cenltrum
1290 1125 1291 1186 p

181 1200 208 1264 b.
254 1200 339 1283 apud
361 1201 379 1264 b
402 1204 509 1264 autem
537 1201 637 1264 iaceat
661 1199 780 1283 oculus,
811 1204 843 1264 et
870 1200 1013 1264 incidant
1033 1199 1115 1263 radii
1139 1201 1198 1284 qui
1290 1197 1291 1226 ³

181 1306 238 1390 ba,
261 1307 315 1389 by,
338 1307 434 1390 (bd).
487 1305 614 1390 equales
640 1328 716 1391 ergo
746 1310 820 1370 sunt
846 1306 1061 1371 reflectiones.
1117 1329 1197 1392 ergo

181 1413 300 1476 facient
318 1411 453 1498 angulos
477 1413 561 1496 apud
579 1413 770 1497 periferiam,
794 1413 869 1497 quia
887 1412 997 1498 anguli
1016 1414 1197 1478 semicircu-

181 1517 286 1584 lorum
310 1518 438 1603 equales
462 1523 543 1584 sunt.
579 1519 786 1584 refractiones
810 1541 886 1604 crgo
909 1520 944 1584 in
966 1521 1045 1603 ipsis
1068 1521 1125 1604 ba,
1145 1521 1196 1605 cp,
1212 1541 1237 1579 ιο

181 1626 226 1690 bd
253 1630 354 1690 erunt.
404 1627 488 1709 apud
516 1627 644 1712 signum
672 1648 748 1712 ergo
776 1627 793 1691 b
822 1631 1023 1710 concurrent,
1055 1626 1119 1691 hoc
1147 1631 1196 1692 est

181 1732 265 1816 apud
302 1732 438 1797 oculum.
501 1755 540 1797 ex
571 1733 634 1797 hoc
664 1737 771 1797 autem
802 1733 1007 1810 manifestum
1035 1733 1134 1818 quod,
1167 1735 1196 1797 si

180 1839 238 1902 fiat
270 1837 433 1922 speculum
466 1861 640 1905 concavum
671 1838 759 1903 velut
790 1839 985 1924 sphericum,
1018 1840 1052 1904 in
1084 1843 1194 1904 centro

181 1949 288 2009 autem
315 1945 429 2029 sphera
457 1945 568 2012 oculus
595 1946 719 2030 positus
747 1947 852 2030 fuerit,
879 1946 964 2010 nihil
986 1945 1073 2010 aliud
1097 1969 1194 2031 quam

181 2051 292 2116 oculus
315 2053 350 2116 in
372 2052 501 2135 speculo
525 2053 698 2136 apparebit.
1210 2071 1235 2110 1⁵

667 2247 705 2310 X.

269 2370 313 2436 In
343 2371 511 2455 speculis
546 2372 737 2454 concavis,
774 2372 922 2456 quando
960 2373 998 2437 in
1034 2372 1195 2437 circum·

180 2480 347 2543 ferentia
379 2478 511 2543 oculus
543 2478 694 2561 positus
731 2478 862 2562 fuerit,
898 2479 1056 2544 refracti
1092 2479 1193 2544 radii

181 2585 344 2650 invicem
368 2589 603 2650 concurrent.

270 2689 320 2756 Sit
347 2690 511 2775 speculum
540 2713 714 2756 concavum
737 2692 816 2776 hya,
843 2692 931 2757 visus
959 2697 1065 2757 autem
1088 2692 1113 2756 b.
1160 2695 1193 2757 et

181 2798 323 2863 incidant
357 2798 438 2862 radii
476 2799 529 2882 tp,
552 2799 609 2882 ba,
646 2798 863 2884 refringantur
901 2803 1008 2864 autem
1044 2820 1103 2882 pa,
1134 2820 1191 2863 απ.
1206 2815 1231 2856 ²⁰

254 2991 326 3045 lsit
344 3009 381 3044 sx
401 2990 461 3045 OE
531 2989 689 3061 2Explicit
725 2990 819 3044 rimus.
848 2989 952 3061 Incipit
965 2990 1103 3046 secundus
1123 2990 1192 3046 OA:

180 3060 304 3131 Explicit
326 3061 399 3116 liber
420 3061 534 3131 primus.
570 3061 680 3132 Incipit.
700 3009 843 3116 ilecundus
862 3062 893 3116 E
980 3067 996 3116 3
1020 3064 1055 3130 cs.
1079 3062 1190 3116 multu

183 3133 302 3202 Outoptr.
321 3137 358 3189 24
377 3133 465 3202 (VII,
484 3136 551 3202 326)
624 3135 690 3188 tia
707 3134 830 3218 marpissa
849 3138 879 3186 1⁸
897 3133 925 3187 A
995 3134 1051 3202 41‘.
1067 3134 1192 3187 centrum

181 3203 697 3358 ἕνεςὲῗτὲῗῇσιζὶὶἳῗαωρῠέὄφῆὶ
706 3221 812 3344 gilgal
829 3280 863 3328 10
877 3209 911 3343 cl.
919 3203 1191 3343 guffilglmffl

182 3348 266 3417 (VII,
283 3351 352 3416 290)
408 3353 440 3400 12
459 3346 640 3402 manifestum
655 3349 698 3400 est
716 3347 758 3400 E:
776 3347 819 3400 est
837 3362 887 3400 om.
903 3345 958 3400 OA
1015 3351 1049 3399 14
1068 3361 1147 3416 spere
1168 3345 1191 3400 0

217 3425 250 3473 16
268 3420 300 3474 ia
317 3419 440 3490 crumina
459 3424 491 3471 2·
507 3419 535 3472 A
610 3424 642 3473 16
661 3418 696 3484 cf.
716 3417 826 3472 Euclid.
848 3416 966 3486 Oatoptr.
987 3420 1005 3470 5
1024 3416 1108 3484 (VII,
1126 3418 1188 3470 294.

180 3494 248 3559 296)
272 3491 451 3616 1111114113αὲ
466 3490 563 3545 Witelo
587 3488 675 3556 VIII,
698 3493 734 3543 10
752 3505 781 3558 p.
802 3491 856 3542 313
946 3491 978 3539 19
1001 3488 1096 3540 autem
1115 3485 1133 3539 b
1155 3486 1191 3541 0:
1284 3557 1285 3568 ¹

180 3563 314 3616 bautcm
334 3569 367 3617 tr.
