2602 3874
149 208 214 272 292
296 206 455 258 HERONIS
472 203 764 256 MECHANIOORUM
780 203 1007 256 FRAGMENTA.

590 415 635 501 11,
659 417 710 483 35.

72 568 124 608 ιοιι
244 545 287 609 Th
313 539 375 627 μέν
402 537 464 608 οὖν
485 542 626 626 μάλιστα
649 539 791 626 συνέχον
813 543 873 626 τὴν
896 543 1160 629 κεντροβαρικὴν

150 653 374 740 πραγματείαν
396 647 485 715 τοῦτ’
512 647 555 714 δν
577 653 638 732 εἴη,
661 649 784 732 μάθοις
807 646 836 712 δ’
864 647 906 713 ἂν
928 650 969 714 τὰ
988 645 1049 733 μιν
1068 665 1160 714 στοι-

151 760 270 844 χειώδη
299 759 378 822 ὄντα
406 757 462 820 διὰ
488 757 608 840 ταύτης
631 756 828 839 δεικνύμενα
850 767 921 832 τοϊς
938 753 1159 841 Ἀρχιμήδους

125 875 127 880 ’
151 863 237 952 Περὶ
266 866 467 950 ισορροπιών
495 861 641 947 ἐντυχὼν
667 860 722 927 καὶ
745 873 814 939 τοῖς
830 859 983 948 Ἦρωνος
1006 866 1159 948 Μηχανι-

151 983 232 1055 κοϊς,
256 971 317 1035 ὅσα
340 967 377 1036 δὲ
399 970 442 1053 μὴ
467 970 617 1056 γνώριμα
639 979 709 1045 τοῖς
730 972 866 1046 πολλοῖς
888 968 1060 1055 γράψομεν
1082 967 1158 1054 ἐφε-
1190 990 1204 1030 ι

152 1075 222 1162 ξῆς,
245 1069 320 1143 οἷον
342 1077 382 1141 τά
404 1084 547 1140 τοιαῦτα.

122 1203 131 1227 ¹
230 1183 337 1248 Ἔστω
370 1185 534 1268 τρίγωνον
560 1183 598 1246 τὸ
626 1185 807 1246 ΑΒΓ...
830 1184 1068 1266 τετμήσθωσαν
1096 1183 1159 1269 γὰρ

121 1292 139 1319 ¹²
153 1291 187 1356 αἱ
205 1293 277 1374 ΒΓ,
300 1293 364 1354 ΓΑ
383 1289 459 1372 δίχα
477 1298 546 1365 τοῖς
564 1293 607 1371 Δ,
626 1293 665 1372 Ε,
683 1286 738 1352 καὶ
758 1286 1007 1372 ἐπεζεύχθωσαν
1025 1289 1060 1353 αἱ
1079 1294 1159 1373 ΑΔ,

153 1401 219 1462 ΒΕ
244 1395 295 1480 [τὸ
321 1399 347 1459 Ζ
375 1397 439 1481 άρα
463 1393 602 1480 κέντρον
624 1395 749 1481 βάρους
772 1393 863 1459 ἐστὶν
884 1403 945 1460 τοῦ
968 1398 1073 1460 ΑΒΓ
1091 1418 1161 1482 τρι-

153 1501 288 1587 γώνου].
334 1500 392 1566 έδιν
418 1502 481 1587 γάρ
509 1501 546 1565 τὸ
574 1504 739 1587 τρίγωνον
766 1499 822 1565 έπί
846 1523 937 1578 τινος
959 1501 1068 1588 ὀρθοῦ
1092 1500 1160 1566 έπι-
1175 1523 1203 1562 ιο

152 1608 255 1674 πέδου
280 1606 442 1693 ἐπισταθῇ
465 1608 547 1672 κατά
569 1609 630 1691 τὴν
649 1612 718 1671 ΑΔ
739 1606 887 1691 εὐθεῖαν,
911 1605 959 1672 έπ’
983 1605 1161 1693 οὐδέτερον

153 1714 252 1801 μέρος
279 1713 372 1799 ῥέψει
398 1714 435 1778 τὸ
461 1717 626 1799 τρίγωνον
650 1714 765 1778 διὰτὸ
790 1719 865 1778 ἴσον
888 1709 974 1779 εἷναι
996 1715 1033 1780 τὸ
1057 1719 1160 1780 ΑΒΔ

153 1823 319 1907 τρίγωνον
350 1829 395 1922 τῷ
424 1823 526 1884 ΑΓΛ
553 1820 713 1907 τριγώνῳ.
768 1816 947 1885 ἐπισταθὲν
974 1817 1011 1886 δὲ
1039 1820 1161 1906 ὁμοίως

154 1929 190 1992 τὸ
215 1930 319 1992 ΑΒΓ
339 1929 503 2013 τρίγωνον
526 1927 608 1990 κατὰ
630 1927 691 2010 τὴν
714 1930 780 1990 ΒΕ
800 1924 853 1991 έπι
876 1935 936 1991 τοῦ
960 1926 1068 2014 ὀρθοῦ
1092 1927 1160 1993 έπι-

154 2032 257 2098 πέδου
282 2030 330 2098 ἐπ’
359 2031 536 2119 οὐδέτερον
558 2031 657 2119 μέρος
681 2030 773 2118 ῥέψει
796 2033 912 2098 διὰτὸ
935 2039 992 2098 ἶσα
1015 2029 1101 2099 εἶναι
1119 2037 1160 2100 τά
1174 2052 1200 2092 1⁵

154 2144 269 2224 ABE,
299 2142 397 2205 ΓΒΕ
422 2141 574 2226 τρίγωνα.
619 2140 649 2204 ει
677 2135 714 2203 δὲ
737 2135 788 2223 ἐφ’
817 2137 969 2225 ἑκατέρας
992 2149 1059 2205 τών
1082 2146 1161 2226 ΑΔ,

154 2250 220 2310 ΒΕ
242 2247 412 2332 ἰσορροπεῖ
434 2247 471 2312 τὸ
494 2249 669 2330 τρίγωνον,
691 2246 728 2310 τὸ
752 2246 816 2332 άρα
838 2247 954 2312 κοινὸν
976 2246 1086 2312 αὐτῶν
1105 2265 1162 2332 ση-

153 2361 248 2435 μεῖον
275 2353 312 2417 τὸ
338 2356 365 2416 Ζ
392 2351 531 2439 κέντρον
559 2355 649 2418 ἔσται
674 2359 733 2416 τοῦ
756 2353 890 2438 βάρους.
934 2362 1027 2418 νοεῖν
1050 2350 1088 2419 δὲ
1111 2355 1163 2420 δεῖ

153 2459 190 2522 τὸ
221 2463 262 2543 Ζ,
294 2459 338 2535 ώς
370 2462 576 2545 προείρηται,
608 2461 762 2544 κείμενον
793 2457 830 2523 έν
859 2457 946 2547 μέσῳ
974 2469 1034 2525 τοῦ
1062 2463 1166 2526 ΑΒΓ

154 2566 320 2651 τριγώνου
339 2567 518 2650 ισοπαχοῦς
536 2588 570 2630 τε
588 2563 644 2630 καὶ
663 2567 840 2650 ισοβαρούς
859 2566 1014 2649 δηλονότι
1030 2566 1162 2632 ὑποκει-
1176 2583 1202 2624 20

77 2708 128 2748 ,οὓς
154 2669 266 2754 μένου.
311 2669 366 2736 καὶ
394 2673 542 2758 φανερὸν
570 2672 620 2737 δτι
646 2673 803 2737 διπλασία
826 2670 917 2737 ἐστὶν
938 2670 959 2756 ἡ
984 2673 988 2758 Ι
1013 2669 1074 2758 μέν
1097 2678 1129 2737 Α
1136 2677 1163 2738 Ζ

155 2785 212 2860 τῆς
237 2781 316 2860 ΖΔ,
342 2775 363 2861 ἡ
392 2774 429 2842 δὲ
451 2781 515 2842 ΒΖ
542 2787 600 2862 τῆς
624 2781 699 2862 ΖΕ,
726 2776 781 2843 καὶ
809 2777 860 2843 ὅτι
882 2779 927 2856 ώς
949 2777 969 2862 ἡ
994 2781 1059 2844 ΓΑ
1080 2781 1163 2865 πρὸς

156 2886 232 2967 ΓΕ,
256 2884 361 2961 οὕτως
384 2881 404 2968 ἡ
427 2888 492 2950 ΑΒ
515 2885 598 2970 πρὸς
620 2889 690 2949 ΔΕ
711 2882 765 2949 και
788 2881 808 2968 ἡ
832 2888 895 2949 ΒΖ
916 2885 1000 2972 πρὸς
1025 2889 1089 2950 ΖΕ
1109 2884 1164 2950 και

155 2985 175 3070 ἡ
198 2993 264 3053 ΑΖ
286 2991 369 3075 πρὸς
394 2995 458 3055 ΖΔ
481 2991 537 3056 διὰ
560 2992 597 3055 τὸ
622 2991 781 3074 ἰσογώνια
804 2985 889 3055 εἶναι
911 2989 967 3055 καὶ
990 2993 1030 3056 τά
1051 2996 1084 3056 Δ
1092 2995 1163 3076 ΖΕ,

226 3224 242 3270 3
266 3219 316 3271 auh
339 3217 407 3272 ὄντα
430 3220 480 3272 auh
506 3219 555 3273 διὰ
582 3218 684 3287 ταύτης
710 3220 796 3274 δειιν.
826 3217 921 3288 spuria
948 3217 1092 3273 exishimat
1118 3218 1164 3272 Hu

192 3288 256 3343 Ὶοι.
267 3288 389 3342 Αιοιιιιιι.
400 3288 435 3342 de
468 3289 594 3358 laana
594 3288 717 3359 uilibrh
730 3294 763 3343 14
776 3289 829 3344 vol
840 3289 874 3357 Π,
889 3295 939 3342 182
954 3289 1035 3344 Heib.
1090 3289 1164 3360 9[τδ

159 3363 218 3414 Ζ..
231 3380 295 3427 ,ιτρ
285 3360 399 3432 ιγώνου]
418 3306 594 3414 deievieq
526 3363 640 3417 auctore
658 3333 758 3414 Arahe.
790 3360 824 3416 οι
841 3333 927 3414 etiam
940 3358 1056 3414 infrav.
1073 3365 1115 3414 1⁷.
1132 3366 1164 3414 18

193 3435 226 3484 16
250 3434 332 3484 ΒΓΕ
349 3431 387 3498 A,
411 3446 479 3486 corr
498 3429 1164 3500 Ηιι18-2ονοεῖν.,υποκειμένουιιει

156 3499 215 3570 Ηιι,
238 3501 288 3557 sed
306 3501 340 3556 cf.
359 3474 495 3583 interpres
513 3503 796 3573 Arahsp190,5.6
858 3473 891 3556 ιθ
911 3499 953 3556 ὅτι
971 3501 1075 3571 καιΑ,
1095 3517 1164 3557 corr.

25 3618 67 3652 Ι,
156 3545 215 3626 Ηιι
255 3579 289 3627 23
309 3577 367 3632 PE
380 3571 497 3640 correxi,
515 3575 617 3629 ΑΕΔ
