2602 3874
157 207 221 273 268
306 210 465 262 HERONIS
482 210 774 261 MEGHANICORUM
790 210 1015 262 FRAGMENTA.

158 369 207 453 δέ,
229 373 343 453 φησίν,
361 382 428 436 τῶν
446 369 579 448 δείξεων
598 371 658 453 τήν
676 371 816 455 μάλιστα
834 371 916 456 πρὸς
934 371 995 510 τήν
1013 392 1162 456 χειρουρ-

158 461 236 542 γίαν
259 459 406 524 εύθετον

237 545 409 613 Ἔστωσαν
437 549 500 632 γὰρ
529 549 562 612 αλ
589 549 742 613 δοθεῖσαι
771 547 900 612 εὐθεῖαι
927 547 961 612 αἱ
984 551 1068 629 ΑΒ,
1100 549 1169 611 ΒΓ

107 693 108 698 ,
157 635 241 720 πρὸς
263 635 369 722 ὀρθὰς
391 636 546 720 ἀλλήλαις
568 629 767 721 κείμεναι,
747 661 794 700 ων
818 637 868 701 δεῖ
886 635 949 700 δύο
967 634 1067 720 μέσας
1085 633 1166 700 ἀνύ-

158 728 261 807 λογον
284 725 402 810 εὑρεῖν.
1196 746 1211 786 ⁵

247 815 573 965 Συμπεπληρώσθω,
582 813 620 877 τὸ
650 815 783 876 ΑΒΓΔ
811 815 1166 898 παραλληλόγραμμον,

158 899 254 966 καλέ
238 901 513 986 ἐκβεβλήσθωσαν
535 925 556 965 α
558 902 621 965 A
628 904 664 983 Γ
686 907 766 985 ΔΑ,
789 899 849 966 καί
863 901 1120 986 ἐπεζεύχθωσαν
1130 902 1167 964 αἱ

159 993 240 1073 ΔΒ,
268 994 347 1074 ΓΑ,
374 989 429 1055 καὶ
455 1012 580 1075 παρακε
581 991 668 1054 ίσθω
696 992 853 1071 κανόνων
879 991 963 1076 πρὸς
989 997 1034 1078 τῷ
1057 993 1085 1054 Β
1108 1005 1167 1072 σή·

120 1101 147 1140 ιε
160 1082 239 1166 μείω
262 1078 318 1144 καί
340 1082 499 1144 κινείσθω
520 1079 524 1160 Ι
545 1077 664 1162 τέμνον
686 1080 743 1154 τὰς
767 1081 843 1160 ΓΕ,
862 1084 894 1142 A
900 1083 941 1160 Z
964 1080 1058 1164 ἄχρις
1080 1102 1120 1144 ου
1104 1073 1166 1161 ή

161 1143 225 1232 ἀπύ
257 1178 318 1233 τοῦ
348 1172 387 1232 Η
411 1167 593 1252 <ἆχθεισα>
627 1164 680 1230 ἐπὶ
709 1168 770 1250 τήν
799 1177 856 1250 τής
885 1127 950 1232 ΓΕ
976 1168 1080 1250 τομήν
1109 1172 1166 1249 ίσή
1182 1193 1210 1231 10

111 1294 115 1308 ·
159 1255 292 1339 γένηται
314 1266 353 1342 τή
377 1255 440 1321 ἀπὸ
463 1264 523 1320 τοῦ
542 1259 581 1319 Η
599 1253 651 1320 ἐπὶ
674 1256 734 1338 τήν
757 1265 814 1339 τής
831 1261 863 1320 Α
870 1259 898 1320 Ζ
920 1257 1032 1340 τομήν.
1072 1278 1167 1338 γεγο-

63 1397 65 1403 .
159 1341 256 1429 νέτω,
286 1342 386 1410 καὶ”
368 1363 451 1410 εστω
479 1344 498 1427 ή
527 1341 587 1428 μὲν
614 1353 674 1409 τοῦ
701 1347 860 1409 κανονίον
886 1343 982 1422 θέσις
1007 1343 1028 1427 ή
1056 1347 1166 1426 ΕΒΖ,

160 1439 229 1498 ι’σαι
252 1431 289 1499 δὲ
312 1435 345 1500 αλ
363 1437 442 1517 ΕΗ,
466 1436 542 1498 ΗΖ.
583 1429 728 1516 λέγω
690 1455 753 1499 ουν
772 1433 822 1497 ὅτι
841 1434 876 1498 αλ
894 1437 984 1517 ΑΖ,
993 1435 1054 1497 ΓΕ
1069 1430 1167 1518 μέσαι

160 1521 326 1606 αναλογόν
348 1524 434 1587 είσιν
456 1531 524 1586 τῶν
545 1526 626 1604 ΑΒ,
649 1524 719 1586 ΒΓ.

160 1702 301 1785 περιέχειν
323 1702 378 1782 τήν
396 1702 516 1788 πρὸς
488 1707 582 1782 τῶΒ,
605 1702 655 1763 καὶ
678 1702 985 1782 συμπεπληρώσθω
959 1726 991 1764 το
1009 1706 1068 1763 BA
1090 1724 1165 1782 παρ·
1182 1725 1209 1765 15

161 1793 418 1904 αλλήλόγραμμον,
444 1791 494 1853 καί
522 1789 743 1872 ἐπεζεύχθωσαν
771 1817 789 1852 α
790 1793 892 1871 ίΑΓ,
909 1795 974 1852 BA.
1022 1787 1167 1871 [φανερὸν

162 1880 250 1993 ὃή,“
233 1904 277 1942 οτι
299 1881 360 1942 ι’σαι
378 1871 465 1943 ονσαι
483 1881 549 1961 δίχα
566 1879 721 1959 τέμνουσιν
740 1879 875 1958 ἀλλήλας·
900 1877 966 1949 ὑ
934 1903 991 1961 γαρ
1009 1879 1074 1962 περὶ
1093 1879 1165 1959 μίαν

161 1969 259 2031 αὐτῶν
277 1969 463 2053 γραφόμενος
478 1971 531 2031 κύ-

161 2063 230 2131 κλος
251 2057 315 2137 ήξει
336 2058 387 2120 καλ
408 2057 456 2119 δια
475 2067 533 2119 τῶν

161 2147 294 2229 περάτων
305 2156 357 2228 τής
370 2146 468 2228 ἑτέρας
483 2146 532 2207 διὰ

112 2300 114 2305 ,
161 2235 193 2297 τὸ
211 2234 396 2318 ὀρθογώνιον
411 2229 487 2297 εἶναι
502 2234 533 2296 τὸ

161 2319 534 2406 παραλλήλόγραμμον.]έκ·

162 2412 375 2495 βεβλήσθωσαν
407 2413 441 2473 αἱ
467 2415 535 2490 ΔΓ,

161 2507 219 2562 AA
238 2500 298 2579 [ἐπὶ
312 2501 347 2562 τὰ
360 2506 396 2580 Ζ,
405 2500 467 2580 Η],
484 2499 535 2561 καὶ

161 2591 289 2652 νοείσθω
320 2589 460 2652 κανόνιον
495 2585 534 2662 ὡς

162 2679 194 2740 τὸ
230 2681 326 2739 ΖΒΗ
357 2679 534 2758 κινούμενον

163 2769 231 2848 περί
263 2790 329 2828 τινα
364 2768 452 2828 τύλαν
485 2764 534 2846 μέ·
588 2795 624 2892 ζ

163 2879 254 2917 νοντα
271 2855 394 2940 πρὸς
366 2860 455 2916 τολΒ.
484 2853 535 2916 καλ
796 2862 833 2944 γ
907 2859 947 2931 θ

162 2945 319 3023 κινείσθω,
366 2943 420 3018 εως
460 2942 534 3004 ἀπο-
815 2968 867 3017 mg.
881 2969 926 3008 εει,

163 3030 308 3112 τέμοις
292 3049 358 3105 ισας
393 3057 444 3106 τας
475 3031 533 3094 ἀπὸ

163 3130 215 3184 τοῦ
238 3125 276 3200 Ε,
298 3119 427 3183 τουτέστι
448 3120 500 3196 τὰς
522 3125 598 3201 ΕΗ,
616 3125 682 3184 ΕΖ.
728 3123 777 3184 καί
800 3123 927 3184 νοείσθω
950 3121 1167 3202 ἀποτεμὸννκαλ

163 3207 249 3272 θέσιν
267 3209 334 3290 έχον
351 3209 406 3290 τήν
423 3210 550 3271 ΖΒΗ”
534 3225 616 3290 ισων,
638 3209 678 3284 ὡς
696 3211 817 3294 είρήται,
834 3209 1004 3292 γινομένων
1016 3235 1075 3273 των
1093 3214 1166 3290 ΕΗ,

163 3303 231 3360 ΕΖ.
278 3295 376 3380 [ήχθω
403 3298 441 3378 δή
469 3297 526 3361 ἀπὸ
554 3309 608 3362 τού
629 3303 658 3362 Ε
684 3299 733 3362 έπλ
754 3299 810 3380 τήν
831 3303 885 3360 ΓΔ
907 3301 1032 3374 κάθετος
1053 3297 1074 3378 ή
1097 3301 1166 3360 ΕΘ.

164 3386 282 3469 δίχα’
252 3411 349 3468 τεμνει
372 3387 409 3468 δή
433 3387 569 3467 δηλονότι
590 3387 645 3468 τὴν
667 3392 727 3451 ΓΔ
772 3389 834 3450 έπει
863 3379 919 3450 ουν
946 3389 978 3450 δί
965 3389 1012 3470 ίχα
1036 3387 1167 3468 τέμνεται

78 3608 133 3618 -·—
235 3583 268 3632 10
287 3579 408 3648 ἀχθεῖσα
426 3575 491 3632 add.
509 3575 650 3646 Husstsoh)
