2602 3874
155 211 220 276 282
305 217 464 269 Ηυαοιυε
482 218 774 270 ιωοεινιυοαυιι
791 219 1016 272 mamm

611 449 664 535 Π,
680 450 710 514 5.

248 571 295 635 Τδι
330 568 392 656 μὲν
428 568 490 638 οὖν
520 573 743 660 προειρημένα
773 577 899 660 ὄργανα
930 575 1078 660 φανερὰς
1105 573 1168 640 καλ

154 675 341 755 αὐτοτελεῖς
382 681 449 764 ἔχει
484 682 543 758 τὰς
578 683 779 760 κατασκευὰς
814 686 982 766 πολλαχοῦ
1018 681 1056 746 ἐν
1092 692 1167 760 ταῖς

153 783 278 867 χρείαις
310 783 528 869 φαινομένας,
560 785 579 851 δ
610 782 647 850 δὲ
673 789 807 870 κοχλίας
834 789 901 871 ἔχει
927 809 959 852 τι
985 789 1167 874 περίεργον
1273 807 1276 814 ’

152 890 231 973 περί
260 911 296 952 τε
327 891 389 973 την
420 892 625 975 κατασκευὴν
655 890 710 956 καλ
742 894 803 976 την
834 901 961 978 χρῆσιν.
1015 890 1071 958 διδ
1102 891 1173 978 μὲν,

154 990 246 1080 [οὖν]
277 997 341 1082 γὰρ
370 996 470 1074 αὐτὸς
496 995 573 1062 καθ’
607 997 711 1062 αὑτὸν
737 996 839 1082 μόνος
870 998 1011 1085 ένεργελ,
1043 997 1099 1065 ὁτὲ
1126 996 1167 1066 δὲ
1195 1020 1209 1060 ε

72 1126 127 1166 ιιει
152 1099 207 1166 καὶ
230 1104 497 1188 προσλαμβάνων
519 1106 567 1168 ἔτι
587 1104 592 1187 Ι
613 1104 767 1187 δύναμιν,
789 1106 876 1188 πλὴν
898 1103 950 1170 ότι
973 1103 1075 1171 οὐδέν
1098 1105 1167 1172 ἕτε-

152 1205 214 1293 ρόν
233 1206 325 1273 ἐστιν
342 1208 363 1292 ἢ
379 1210 470 1292 σφην
483 1207 663 1293 είλημένος,
683 1209 941 1295 ἀπολειπόμενος
954 1221 1012 1295 τῆς
1025 1217 1166 1298 πληγῆς,

152 1315 209 1378 διὰ
231 1318 358 1399 μοχλοῦ
381 1311 419 1380 δέ
440 1312 496 1378 καὶ
518 1316 580 1398 τὴν
601 1317 735 1399 κίνησιν
756 1317 963 1400 ποιούμενος.
1004 1327 1105 1384 τοῦτο
1130 1317 1163 1383 δ’

152 1423 244 1485 ἔσται
271 1421 379 1512 δῆλονΙ
404 1419 440 1485 ἐκ
462 1431 530 1485 τῶν
552 1419 743 1504 μελλόντων
765 1421 930 1506 λέγεσθαι.
975 1425 1079 1507 φύσις
1102 1421 1166 1508 μὲν

151 1521 215 1592 οὖν
232 1526 380 1612 ὑπάρχει,
390 1536 448 1610 τῆς
465 1525 541 1612 περὶ
560 1527 663 1592 αὐτὸν
680 1531 902 1614 πραγματείας
919 1530 1065 1612 τοιαύτη.
1104 1529 1165 1595 έδν
1179 1551 1208 1590 ιο

150 1633 334 1718 κυλίνδρου
366 1633 493 1717 πλευρὰ
524 1630 664 1718 φέρηται
694 1635 777 1698 κατὰ
805 1643 863 1716 τῆς
889 1644 950 1699 τοῦ
977 1637 1165 1722 κυλίνδρου

151 1739 355 1823 ἐπιφανείας,
377 1740 461 1824 πρὸς
484 1734 521 1802 δέ
543 1746 590 1824 τῷ
611 1737 728 1824 πέρατι
750 1741 870 1822 ταύτης
889 1739 1027 1824 σημελόν
1044 1766 1077 1806 τι
1096 1744 1166 1827 ἅμα

149 1832 232 1940 κατὰ
264 1843 365 1929 αὐτῆς
395 1853 453 1928 τῆς
484 1848 628 1929 πλευρᾶς
660 1843 814 1931 φέρηται,
846 1844 902 1911 καὶ
929 1845 967 1912 έν
993 1855 1040 1934 τῷ
1072 1848 1166 1936 αὐτῷ

150 1949 259 2039 χρόνῳ
282 1953 303 2034 λλ
325 1973 361 2015 τε
383 1951 511 2037 πλευρδι
532 1952 612 2034 μίαν
629 1949 894 2017 ἀποκατάστασιν
911 1955 1088 2037 ποιήσηται
1106 1953 1165 2020 καὶ

148 2059 187 2122 τὸ
210 2066 348 2140 σημεῖον
370 2057 407 2121 τὸ
430 2065 498 2120 πᾶν
519 2064 577 2138 τῆς
597 2059 743 2142 πλευρᾶς
765 2055 929 2144 διεξέλθῃ,
955 2059 976 2142 ἡ
999 2059 1164 2146 γενομένη
1180 2080 1207 2121 15

148 2163 215 2228 ὑπὸ
243 2171 304 2226 τοῦ
327 2165 466 2246 σημείου
488 2161 525 2226 έν
547 2171 587 2246 τῇ
609 2163 805 2249 κυλινδρικῇ
828 2162 1005 2251 ἐπιφανείᾳ
1027 2169 1165 2252 γραμμη

149 2267 218 2346 ἕλιξ
241 2268 342 2351 έστίν,
364 2267 407 2351 ἣν
430 2268 471 2350 δὴ
495 2269 631 2352 κοχλίαν
648 2273 817 2333 καλοῦσιν.
858 2273 1106 2356 καταγροίφεται
1126 2271 1166 2340 δὲ

149 2375 187 2440 έν
209 2383 255 2462 τςό
278 2375 445 2460 κυλίνδρφ
468 2373 587 2450 οὕτως·
616 2373 674 2438 ἐὰν
696 2373 733 2439 έν
760 2373 903 2463 ἐπιπέδῳ
932 2377 995 2442 δύο
1026 2378 1166 2458 εὐθείας

148 2481 328 2565 έκθώμεδα
354 2479 461 2565 ὀρθὰς
488 2477 658 2562 ἀλλήλαις,
689 2474 737 2544 ὧν
763 2479 783 2563 η
810 2476 872 2564 μὲν
898 2484 958 2565 μ’ία
987 2489 1040 2568 ίση
1070 2485 1165 2552 ἐστὶν

146 2598 188 2673 τῇ
215 2595 275 2651 τοῦ
303 2583 478 2670 εἰρημένου
505 2586 687 2670 κυλίνδρου
714 2589 855 2672 πλευρᾷ,
885 2587 905 2670 ἡ
934 2585 971 2653 δὲ
999 2587 1095 2677 ἑτέρα
1122 2602 1164 2679 τῇ
1180 2611 1208 2652 εο

146 2703 208 2759 τοῦ
230 2694 356 2758 κύκλου
378 2693 581 2776 περιφερείᾳ,
604 2688 641 2766 ὅς
664 2689 753 2755 ἐστιν
773 2693 869 2774 βάσις
886 2703 947 2758 τοῦ
965 2698 1164 2783 κυλίνδρου,

146 2799 202 2864 καὶ
226 2797 279 2864 έπλ
296 2799 337 2862 τὰ
355 2795 479 2883 πέρατα
496 2806 564 2860 τῶν
583 2795 765 2881 εἰρημένων
782 2797 925 2863 εὐθειῶν
944 2799 1165 2887 ἐπιζεύξωμεν

147 2905 286 2970 εὐθεῖαν
312 2904 554 2968 ὑποτείνουσαν
581 2903 642 2984 την
669 2901 778 2988 ὀρθὴν
806 2907 942 2989 γωνίαν,
969 2913 1052 2993 τεθῇ
1079 2905 1163 2994 δέη

147 3016 202 3093 ίση
229 3019 269 3095 τῇ
294 3017 355 3074 τοῦ
377 3010 560 3094 κυλίνδρου
582 3012 710 3094 πλευρᾷ
732 3006 785 3072 ε’πλ
807 3011 869 3093 τὴν
891 3019 951 3076 τοῦ
974 3015 1163 3101 κυλίνδρου

145 3115 303 3200 πλευράν,
334 3113 355 3196 ἡ
388 3111 425 3178 δὲ
456 3111 550 3199 ἑτέρα
577 3124 644 3178 τῶν
671 3111 746 3198 περὶ
772 3116 834 3198 τὴν
861 3115 971 3202 ὀρδὴν
998 3118 1162 3208 έπειληθῇ
1179 3142 1208 3184 ει

145 3222 228 3287 κατὰ
254 3229 312 3303 τῆς
339 3228 399 3283 τοῦ
425 3221 549 3284 κύκλου
572 3222 795 3305 περιφερείας,
823 3223 1035 3306 είληθησεται
1058 3225 1161 3312 καὶὴ

217 3439 233 3487 ὅ
253 3428 304 3486 οὖν
323 3428 377 3483 del.
397 3427 522 3497 Soaliger
593 3435 608 3481 ‘1
630 3425 791 3496 εἰλημμένος
809 3429 846 3498 Α,
866 3447 933 3486 corr.
948 3432 995 3486 Hu
1068 3441 1085 3490 8
1108 3440 1160 3494 ιιαλ

146 3502 310 3577 (στροφῆς)
328 3500 374 3552 Hu
393 3497 470 3567 (‘der
482 3498 589 3552 mittels
604 3499 652 3552 des
666 3497 770 3552 Hebels
784 3499 896 3571 bewegt
913 3502 995 3556 wird’
1016 3504 1159 3576 interpres

145 3576 243 3629 Arabs.
263 3573 297 3628 cf.
317 3585 401 3640 supra
419 3587 445 3638 p.
462 3574 521 3638 104,
536 3573 562 3640 8)
