2602 3874
121 165 186 229 322
389 164 595 235 [eronorrnr]
613 167 663 215 nn
682 165 859 216 sencunrs

120 327 229 410 aliqua
243 326 395 390 distantia
407 326 561 410 temporis
575 325 788 412 pertingentia
803 326 945 409 ipsorum
964 326 1004 389 ad
1018 325 1134 390 celum.

121 433 217 498 simul
245 433 331 497 enim
358 455 430 497 cum
458 433 598 517 aspicere
619 433 764 496 videmus
792 437 885 516 astra,
915 453 987 496 cum
1014 437 1133 516 tamen,

120 545 159 604 ut
181 543 230 604 est
253 539 369 623 dicere,
391 541 441 628 sit
456 534 620 604 'distantia
643 539 776 603 infinita.
824 539 905 603 etsi
929 561 1005 624 ergo
1029 539 1134 603 maior

121 646 233 729 utique
261 650 345 710 esset
370 645 430 710 hec
457 646 620 730 distantia,
653 646 737 709 idem
765 645 920 709 accideret
947 646 1067 730 utique,
1095 649 1134 710 ut

120 775 159 816 ex
185 752 248 817 hoc
274 751 380 836 palam
408 754 450 816 sit
478 753 564 836 quod
591 752 760 816 velocitate
787 751 914 816 infinita
941 753 1133 816 emittuntur
1165 770 1178 812 ⁵

120 858 228 923 emissi
249 858 340 922 radii.
381 863 512 942 propter
535 859 620 942 quod
642 859 755 942 utique
778 857 1043 942 interruptionem
1065 879 1133 922 non

118 965 239 1029 habent
260 987 364 1048 neque
387 965 614 1030 circuitionem·
632 987 736 1048 neque
763 964 951 1029 fractionem
975 965 1132 1048 accipient

120 1070 269 1156 aliquam,
292 1072 425 1135 minima
448 1076 562 1154 autem,
587 1069 708 1136 scilicet
729 1074 824 1154 recta,
847 1071 996 1135 ferentur.

596 1265 754 1338 HI.2

208 1389 301 1466 Quod
330 1389 458 1474 quidem
486 1390 586 1475 igitur
612 1390 785 1454 secundum
812 1394 932 1455 rectam
958 1391 1132 1474 videamus,

120 1497 317 1561 sufficienter
344 1497 465 1561 dictum
493 1501 549 1562 est.
600 1497 685 1580 quod
713 1501 819 1561 autem
846 1497 927 1560 radii
955 1498 1134 1576 incidentes,
1147 1518 1176 1557 ro

121 1602 266 1687 speculis,
290 1602 394 1666 adhuc
416 1607 523 1666 autem
546 1607 578 1667 et
601 1603 692 1686 aquis
716 1607 747 1668 et
770 1603 918 1667 omnibus
937 1603 1042 1687 planis
1066 1626 1133 1669 cor-

120 1710 252 1793 poribus
266 1709 494 1794 refringantur,
512 1731 598 1774 nunc
612 1709 822 1774 ostendemus.
853 1709 1027 1793 politorum
1047 1711 1132 1775 enim

120 1837 290 1900 corporum
312 1819 427 1880 natura
450 1816 558 1880 existit
585 1817 619 1880 in
642 1816 824 1899 superficies
847 1817 990 1898 ipsorum
1014 1817 1132 1900 spissas

121 1944 197 2002 esse.
240 1921 369 2006 specula
389 1921 489 2006 igitur
511 1925 584 1986 ante
607 1921 796 2006 politionem
819 1921 948 2006 quidem
971 1923 1133 1987 habebant

121 2028 244 2112 aliquas
266 2029 422 2112 raritates,
450 2029 565 2112 quibus
593 2028 675 2092 radii
698 2028 872 2092 incidentes
895 2050 961 2093 non
983 2034 1132 2113 poterant
1147 2049 1173 2089 rs

119 2135 240 2219 repelli.
304 2133 470 2219 poliuntur
506 2139 613 2198 autem
649 2135 828 2223 attritione,
870 2140 1025 2219 quatenus
1061 2135 1133 2200 loca

53 2259 94 2299 cao
119 2264 191 2305 rara
211 2239 215 2328 Ι
235 2241 429 2325 impleantur
451 2264 470 2305 a
493 2239 604 2306 subtili
625 2239 811 2306 substantia.
848 2241 961 2306 deinde
987 2243 1033 2307 sic
1055 2243 1132 2306 inei-

120 2347 230 2412 dentes
261 2348 344 2411 radii
375 2349 478 2431 spisso
510 2348 636 2432 corpori
667 2346 874 2431 repelluntur.
932 2349 1014 2412 sicut
1046 2348 1131 2413 enim

120 2455 202 2538 lapis
226 2455 360 2540 emissus
384 2475 456 2518 cum
479 2454 633 2537 violentia
656 2457 689 2518 et
709 2453 863 2537 appulsus
882 2455 985 2538 spisso
1005 2455 1131 2539 corpori

120 2559 261 2643 resultat,
280 2564 359 2644 puta
376 2559 465 2645 ligno
480 2559 575 2624 alicui
587 2564 649 2624 aut
665 2581 766 2644 muro,
784 2559 875 2625 molli
889 2565 996 2624 autem
1009 2565 1046 2625 ut
1059 2561 1131 2625 lane
1145 2580 1171 2621 ao

121 2671 177 2731 aut
195 2666 251 2730 alii
264 2666 322 2731 tali
338 2667 481 2750 quiescit,
500 2667 575 2750 quia
592 2667 641 2731 vis
660 2667 835 2730 emittentis
855 2667 1034 2751 assequitur
1052 2672 1084 2731 et
1097 2667 1131 2730 in

122 2773 201 2837 duro
221 2773 349 2856 quidem
369 2773 452 2837 cedit
469 2795 536 2837 non
549 2777 662 2856 potens
677 2773 781 2838 adhuc
794 2774 944 2858 prosequi
959 2779 990 2838 et
1004 2795 1131 2839 morere

192 2971 208 3018 2
228 2982 291 3019 cum
305 2965 429 3035 aspicere
439 2991 473 3012 =
483 2967 534 3020 ota
548 2971 585 3018 τῶ
600 2961 768 3040 ἀναβλέπειν
822 2971 838 3019 3
859 2965 951 3021 dicere
972 2965 1025 3021 ΘΑ
1041 2969 1084 3038 (=
1096 2967 1131 3029 ὡς

122 3033 234 3106 elusim:
258 3035 365 3090 dictum
383 3038 414 3091 Ε
470 3052 536 3108 ergo
558 3019 613 3092 ΘΑ
631 3043 656 3092 et
673 3038 713 3092 ed.
727 3039 804 3092 Iurat.
883 3042 899 3091 8
918 3037 1042 3092 ferentur
1063 3037 1131 3092 OE:

120 3105 284 3162 ferunturA
339 3109 404 3176 9cf.
419 3109 517 3164 thclo
531 3108 591 3175 V‚a
600 3125 630 3178 p.
641 3113 693 3164 191
754 3115 785 3162 11
801 3107 894 3163 adhuc
908 3107 1131 3164 autemet=i¹a

121 3175 152 3232 di
172 3179 224 3232 καί
292 3185 396 3233 13-14
419 3179 450 3232 in
541 3195 601 3233 esse
620 3206 653 3226 =
673 3175 704 3243 ἐν
726 3185 763 3252 τῷ
781 3179 831 3242 τὰς
849 3175 1017 3250 ἐπιφανείας
1039 3181 1130 3234 αὐτῶν

121 3247 224 3313 vaurde
246 3247 327 3306 εἶναι.
367 3252 401 3318 cf.
420 3254 483 3306 a2
564 3255 596 3303 17
620 3249 790 3320 impleantur
816 3250 884 3305 on:
919 3250 1080 3321 repleantur
1103 3250 1132 3304 E

159 3326 262 3376 18-19
281 3321 454 3392 repelluntur
534 3321 622 3392 spisso
642 3319 750 3391 corpori
768 3338 818 3376 ora.
838 3321 902 3375 ΑΕ
958 3327 992 3376 20
1011 3321 1131 3376 resultat

124 3391 193 3446 OA:
210 3393 354 3449 resideant
371 3394 402 3448 E
454 3399 486 3447 21
507 3392 627 3462 quiescit
643 3394 678 3448 O:
699 3391 777 3460 quies
797 3394 839 3447 A:
857 3408 911 3460 que
925 3395 955 3446 et
967 3393 998 3447 Ε
1051 3391 1130 3448 emit-

121 3466 213 3519 tentes
230 3465 298 3521 OE:
321 3464 476 3520 emittentis
491 3465 532 3520 R:
550 3464 680 3520 emittens
697 3466 723 3520 A
804 3469 837 3516 22
855 3463 924 3516 duro
941 3463 1008 3518 OA:
1031 3464 1087 3518 duo
1102 3462 1132 3517 E.

157 3537 255 3592 cedere
275 3537 372 3607 OAE,
390 3554 456 3594 corr.
472 3537 501 3592 It
634 3585 636 3587 .
