2596 3876
151 216 216 280 370
535 218 775 270 KATonTPfflA.

150 379 170 463 ἡ
186 382 257 462 ΓΕ,
272 383 347 442 ΕΛ.
373 376 457 461 λέγω
472 378 522 444 ὅτι
537 377 557 461 ἡ
570 377 636 443 ὑπὸ
652 381 756 444 ΑΕΓ
770 381 875 460 γωνία
891 384 943 462 ἴση
959 375 1027 442 ἐστὶ
1041 389 1080 463 τῇ
1095 378 1165 443 ὑπὸ

149 485 259 551 AEB.
302 486 334 548 εἴ
350 486 412 571 γὰρ
436 486 480 569 μη
500 487 590 550 ἔστιν
609 491 673 568 ἴση,
697 488 779 551 ἔστω
803 484 917 571 ἕτερον
940 494 1077 569 σημεῖον
1100 493 1164 549 τοῦ

149 594 346 678 κατόπτρου,
376 590 413 656 ἐν
441 582 467 678 ᾧ
492 595 746 677 προσπίπτουσα
772 591 792 674 ἡ
816 593 892 668 ὄψις
918 593 1000 677 πρὸς
1023 591 1164 668 ἀνίσους

149 699 272 779 γωνίας
295 696 488 781 ἀνακλᾶται,
516 699 552 762 τὸ
579 702 622 781 Ζ,
652 696 707 762 καλ
731 697 913 781 ἐπεζεύχθω
937 698 958 781 ἡ
982 700 1060 780 ΓΖ,
1086 702 1163 763 ΖΔ.

149 805 254 887 δῆλον
281 803 332 868 ὅτι
359 803 379 887 η
402 804 467 869 ὑπὸ
491 807 591 868 ΓΖΛ
619 806 723 886 γωνία
753 806 871 888 μείζων
904 802 972 868 ἐστὶ
1004 813 1061 888 της
1093 803 1161 869 ὑπὸ
1192 821 1207 862 5

148 916 182 974 A
189 915 252 974 ΖΕ
263 915 394 994 γωνίας.
424 908 508 992 λέγω
523 910 574 975 ὅτι
588 912 623 974 αἴ
639 913 710 994 ΓΖ,
724 915 789 974 ΖΔ
808 909 948 993 εὐθεῖαι,
966 911 1089 986 αἵτινες
1102 911 1163 988 τάς

149 1015 286 1093 ἀνίσους
308 1019 430 1099 γωνίας
456 1015 665 1103 περιέχουσιν
692 1015 910 1100 ὑποκειμένης
937 1025 994 1099 τῆς
1017 1021 1082 1081 ΑΒ
1106 1017 1162 1082 εὐ-

147 1125 254 1207 θείας,
276 1121 420 1207 μείζονές
439 1125 502 1188 είσι
520 1133 588 1187 τῶν
607 1125 684 1206 ΓΕ,
703 1127 771 1187 ΕΔ
789 1123 943 1206 εὐθειῶν,
961 1123 1084 1200 α’ίτινες
1102 1124 1163 1199 τὰς

149 1234 222 1306 ἴσας
244 1233 367 1311 γωνίας
389 1228 576 1316 περιέχουσι
599 1230 680 1313 μετὰ
702 1238 760 1313 τῆς
781 1234 855 1294 ΑΒ.
897 1230 992 1314 ἤχθω
1016 1231 1079 1315 γάρ
1102 1230 1161 1294 κά-

147 1343 246 1412 θετος
278 1335 341 1400 ἀπὸ
373 1344 432 1401 τοῦ
460 1341 493 1399 A
521 1334 574 1400 ε’πῖ
601 1337 662 1419 την
689 1340 756 1400 ΑΒ
783 1336 865 1400 κατὰ
894 1333 931 1400 τὸ
960 1339 1000 1400 Η
1022 1346 1160 1421 σημεῖον
1176 1355 1203 1394 1⁰
1288 1372 1289 1406 ι

81 1460 121 1500 21³
151 1439 231 1530 Ικαλ
254 1441 465 1526 ἐκβεβλήσθω
490 1439 540 1506 ἐπ’
566 1441 699 1517 εὐθείας
723 1442 767 1518 ὡς
790 1440 843 1506 ἐπὶ
866 1443 903 1506 τὸ
929 1446 966 1506 Θ.
1011 1443 1161 1528 φανερὸν

148 1549 190 1633 εἴη
220 1547 270 1612 ὅτι
298 1549 332 1613 αἱ
358 1549 441 1634 πρὸς
467 1556 513 1635 τῷ
538 1551 576 1612 Η
594 1550 712 1630 γωνίαι
736 1553 804 1612 ἴσαι
832 1549 925 1613 εἴσίν.
971 1547 1074 1634 ὀρθαὶ
1095 1549 1159 1634 γάρ

147 1657 219 1720 εἴσι.
265 1652 320 1718 καῖ
344 1657 426 1719 ἔστω
450 1654 470 1738 η
495 1657 572 1718 ΔΗ
594 1663 632 1740 τῇ
658 1657 726 1718 ΗΘ
754 1660 824 1738 ἴση,
852 1653 906 1718 καῖ
930 1653 1113 1740 ἐπεζεύχθω
1137 1655 1158 1738 ἡ

149 1765 212 1826 ΘΖ
235 1759 290 1826 καὶ
313 1759 333 1843 η
354 1765 425 1824 ΘΕ.
463 1759 545 1844 αὕτη
569 1756 629 1844 μὲν
652 1759 672 1843 ἡ
696 1762 888 1843 κατασκευή.
926 1758 993 1824 ε’πεῖ
1017 1755 1080 1825 οὖν
1103 1767 1156 1846 ἴση

147 1866 237 1958 ἐστιν
264 1854 291 1952 η’
308 1871 384 1931 ΔΗ
407 1877 446 1954 ιη
475 1871 558 1952 Ηο,
587 1866 670 1933 dud
696 1865 751 1932 καὶ
778 1866 799 1951 η
826 1868 891 1932 ιιι
919 1869 1028 1932 ΑΗΕ
1054 1871 1158 1952 γωιιι
1174 1886 1201 1926 15

146 1983 185 2061 τῇ
213 1974 278 2039 ὑπὸ
304 1977 409 2038 ΘΗΕ
430 1976 535 2060 γωνίᾳ
563 1981 616 2057 ἴση
642 1972 725 2056 ἐστί,
753 1975 848 2057 κοινὴ
873 1970 909 2038 δὲ
938 1975 1065 2059 πλευρά
1091 1984 1158 2039 τῶν

147 2082 208 2145 δύο
231 2081 406 2167 τριγώνων
428 2081 449 2165 η
472 2085 554 2164 ΗΕ,
582 2079 637 2146 καῖ
659 2081 756 2162 βάσις
778 2080 799 2164 ἡ
825 2084 890 2144 ΘΕ
910 2081 1005 2162 βάσει
1028 2089 1068 2165 τῇ
1091 2085 1159 2144 ΕΛ

148 2192 200 2270 ἴση
232 2186 315 2271 ἐστί,
344 2185 459 2252 καὶτὸ
483 2191 589 2252 ΗΘΕ
614 2189 779 2272 τρίγωνον
801 2197 847 2276 τῷ
871 2191 980 2251 ΔΗΕ
1008 2188 1157 2274 τριγώνῳ

147 2299 222 2360 ἴσον
246 2293 324 2377 ἐστί,
347 2292 402 2358 καῖ
420 2294 497 2378 <αἴ>
515 2291 628 2358 λοιπαὶ
646 2295 765 2375 γωνίαι
783 2305 855 2370 ταῖς
874 2299 1003 2370 λοιπαῖς
1022 2295 1158 2375 γωνίαις

146 2398 231 2466 είσῖν
255 2406 334 2484 ἴσαι,
358 2398 414 2484 ὑφ’
444 2399 482 2476 ἀς
505 2401 542 2464 αί
564 2405 632 2465 ἴσαι
655 2399 795 2486 πλευραὶ
818 2400 1062 2466 ὑποτείνουσιν.
1102 2405 1157 2484 ἴση
1171 2419 1200 2458 νο

145 2507 210 2592 ἀρα
233 2507 253 2590 ἡ
279 2509 344 2570 ΘΕ
369 2516 408 2592 τῇ
433 2511 507 2570 ΕΔ.
552 2506 652 2571 πάλιν
680 2505 791 2590 ἐπειδὴ
821 2515 858 2592 τῇ
888 2510 957 2570 ΗΘ
985 2512 1038 2588 ἴση
1068 2503 1158 2570 ε’στῖν

145 2611 166 2696 ἡ
190 2616 262 2676 HA
289 2610 344 2677 καὶ
372 2615 476 2694 γωνία
502 2611 523 2694 ἡ
545 2612 610 2677 ὑπὸ
634 2616 740 2676 ΔΗΖ
767 2615 873 2700 γωνίηι
899 2623 938 2698 τῇ
965 2613 1030 2678 ὑπὸ
1056 2615 1157 2676 ΘΗΖ

146 2725 200 2802 ἴση
220 2718 299 2803 ἐστί,
321 2720 417 2802 κοινη
438 2715 474 2782 ἀλ
491 2717 512 2802 ἡ
532 2722 599 2783 ΗΖ
617 2730 684 2784 τῶν
704 2720 765 2784 δύο
780 2721 952 2806 τριγώνων
970 2730 1037 2783 τῶν
1051 2723 1084 2782 A
1090 2721 1127 2782 H
1130 2721 1156 2781 Z

145 2823 200 2889 καῖ
230 2829 346 2908 ΘΗΖ,
378 2821 433 2888 καῖ
460 2825 556 2907 βάσις
584 2826 647 2911 ἀρα
679 2825 699 2910 ἡ
730 2829 792 2890 ΘΖ
819 2826 912 2909 βάσει
940 2834 979 2911 τῇ
1010 2829 1075 2888 ΖΔ
1102 2830 1155 2908 ἴση

146 2929 224 3014 ἐστί,
248 2929 303 2995 καῖ
325 2931 362 2994 τὸ
390 2934 494 2995 ZHA
517 2934 681 3017 τρίγωνον
708 2940 753 3020 τῷ
778 2935 881 2995 ΘΗΖ
908 2932 1058 3019 τριγώνῳ
1084 2937 1157 2996 ἴσον
1170 2950 1197 2991 ιι

146 3034 244 3100 ἐστίν.
295 3042 349 3120 ἴση
378 3039 441 3124 ἀρα
469 3035 559 3103 ἐστὶν
585 3038 605 3121 η
637 3042 699 3103 ΘΖ
726 3048 765 3124 τῇ
794 3043 867 3102 ZA.
922 3036 977 3102 καῖ
1005 3035 1074 3102 ἐπεὶ
1101 3044 1155 3124 ἴση

217 3217 231 3264 1
251 3215 335 3265 ΑΕΓ
355 3211 472 3268 Aldina:
501 3215 552 3266 θεα
570 3212 596 3266 V
615 3216 658 3283 (=
669 3211 807 3282 (λωτῶν),
831 3211 881 3280 qui
899 3211 985 3266 etiam
1005 3211 1069 3266 aliis
1086 3212 1156 3267 locis

144 3281 175 3337 in
203 3282 369 3352 angulorum
396 3282 498 3338 litteris
527 3285 556 3337 et
582 3281 613 3336 in
635 3283 726 3354 figura
749 3300 766 3338 ε
790 3281 885 3337 codice
902 3282 1041 3338 Vaticano
1065 3285 1095 3337 et
1113 3283 1155 3340 ed.

144 3353 250 3408 Aldina
268 3353 407 3418 dissentit.
435 3353 492 3410 vid.
508 3353 593 3408 Stdvo
679 3360 695 3408 2
719 3352 746 3410 εἴ
825 3355 869 3423 ἴση
894 3356 1038 3424 suspecta,
1062 3354 1081 3409 f.
1102 3353 1154 3409 del.

181 3431 260 3480 3-4
297 3427 412 3489 ἀνίσους
438 3427 541 3496 γωνίας
574 3425 684 3494 scripsi:
730 3423 829 3480 ἄνισον
860 3422 965 3495 γωνίαν
1002 3425 1082 3479 codd.
1111 3425 1154 3481 ed.

180 3503 196 3551 6
216 3503 242 3552 Δ
249 3501 300 3552 ΖΕ
319 3497 398 3571 G(=
408 3495 524 3566 Vatia.):
544 3497 600 3563 διζ
616 3495 694 3552 Aldz
712 3499 769 3566 γεζ
780 3495 872 3550 Ideler
885 3510 1013 3564 perverse
1068 3501 1101 3548 12
1118 3501 1155 3566 τῷ

44 3574 106 3592 ⁴⁵
143 3582 210 3640 VG:
234 3585 265 3640 τὸ
283 3585 346 3642 Ald.
422 3592 455 3641 15
472 3573 527 3656 ἀηά
543 3584 579 3641 G:
603 3587 671 3654 ἀηθ
690 3584 783 3639 VAld.
866 3589 898 3638 17
917 3582 935 3638 f.
955 3583 1036 3655 βάσις
1056 3583 1154 3656 (ἀρα)
