<?xml version="1.0" encoding="UTF-8"?>
<!DOCTYPE html PUBLIC "-//W3C//DTD XHTML 1.0 Transitional//EN"
    "http://www.w3.org/TR/xhtml1/DTD/xhtml1-transitional.dtd">
<html xmlns="http://www.w3.org/1999/xhtml" xml:lang="en" lang="en">
 <head>
  <title>
</title>
<meta http-equiv="Content-Type" content="text/html;charset=utf-8" />
  <meta name='ocr-system' content='tesseract 3.04.00' />
  <meta name='ocr-capabilities' content='ocr_page ocr_carea ocr_par ocr_line ocrx_word'/>
</head>
<body>
  <div class='ocr_page' id='page_1' title='image "./heronisalexandr02schogoog_0392.png"; bbox 0 0 2596 3876; ppageno 0'>
   <div class='ocr_carea' id='block_1_1' title="bbox 119 203 884 308">
    <p class='ocr_par' dir='ltr' id='par_1_1' title="bbox 119 203 884 308">
     <span class='ocr_line' id='line_1_1' title="bbox 119 203 884 308; baseline -0.02 -5"><span class='ocrx_word' id='word_1_1' title='bbox 119 203 121 208; x_wconf 23' lang='grc' dir='ltr'>Ι</span> <span class='ocrx_word' id='word_1_2' title='bbox 146 238 212 302; x_wconf 85' lang='grc'>344</span> <span class='ocrx_word' id='word_1_3' title='bbox 412 237 619 308; x_wconf 66' lang='lat' dir='ltr'>[Proteum]</span> <span class='ocrx_word' id='word_1_4' title='bbox 637 239 687 288; x_wconf 80' lang='lat' dir='ltr'>nn</span> <span class='ocrx_word' id='word_1_5' title='bbox 706 237 884 288; x_wconf 71' lang='lat' dir='ltr'>sructura.</span> 
     </span>
    </p>
   </div>
   <div class='ocr_carea' id='block_1_2' title="bbox 145 397 1163 589">
    <p class='ocr_par' dir='ltr' id='par_1_2' title="bbox 145 397 1163 589">
     <span class='ocr_line' id='line_1_2' title="bbox 145 397 1163 484; baseline -0.002 -20"><span class='ocrx_word' id='word_1_6' title='bbox 145 401 254 481; x_wconf 84' lang='lat' dir='ltr'>festat,</span> <span class='ocrx_word' id='word_1_7' title='bbox 296 420 395 462; x_wconf 91' lang='lat' dir='ltr'>unum</span> <span class='ocrx_word' id='word_1_8' title='bbox 432 399 569 484; x_wconf 78' lang='lat' dir='ltr'><strong>digitum</strong></span> <span class='ocrx_word' id='word_1_9' title='bbox 603 399 681 463; x_wconf 81' lang='lat' dir='ltr'>feeit</span> <span class='ocrx_word' id='word_1_10' title='bbox 718 397 850 480; x_wconf 85' lang='lat' dir='ltr'>multos,</span> <span class='ocrx_word' id='word_1_11' title='bbox 892 397 1004 463; x_wconf 89' lang='lat' dir='ltr'>deinde</span> <span class='ocrx_word' id='word_1_12' title='bbox 1038 397 1163 462; x_wconf 80' lang='lat' dir='ltr'>diereta</span> 
     </span>
     <span class='ocr_line' id='line_1_3' title="bbox 145 505 585 589; baseline -0.002 -20"><span class='ocrx_word' id='word_1_13' title='bbox 145 507 245 570; x_wconf 90' lang='lat' dir='ltr'>boum</span> <span class='ocrx_word' id='word_1_14' title='bbox 268 505 373 589; x_wconf 80' lang='lat' dir='ltr'>capita</span> <span class='ocrx_word' id='word_1_15' title='bbox 395 506 585 569; x_wconf 84' lang='lat' dir='ltr'>manifestat.</span> 
     </span>
    </p>
   </div>
   <div class='ocr_carea' id='block_1_3' title="bbox 80 618 1202 2712">
    <p class='ocr_par' dir='ltr' id='par_1_3' title="bbox 145 618 1160 1346">
     <span class='ocr_line' id='line_1_4' title="bbox 236 618 1160 706; baseline -0.001 -22"><span class='ocrx_word' id='word_1_16' title='bbox 236 618 307 684; x_wconf 84' lang='lat' dir='ltr'>Sint</span> <span class='ocrx_word' id='word_1_17' title='bbox 326 620 389 684; x_wconf 89' lang='lat' dir='ltr'>duo</span> <span class='ocrx_word' id='word_1_18' title='bbox 408 619 536 703; x_wconf 80' lang='lat' dir='ltr'>specula</span> <span class='ocrx_word' id='word_1_19' title='bbox 554 643 625 684; x_wconf 86' lang='lat' dir='ltr'>erea</span> <span class='ocrx_word' id='word_1_20' title='bbox 642 619 828 706; x_wconf 79' lang='lat' dir='ltr'>reetangula</span> <span class='ocrx_word' id='word_1_21' title='bbox 846 619 942 704; x_wconf 83' lang='lat' dir='ltr'>plana</span> <span class='ocrx_word' id='word_1_22' title='bbox 960 619 1000 684; x_wconf 88' lang='lat' dir='ltr'>ad</span> <span class='ocrx_word' id='word_1_23' title='bbox 1012 619 1160 704; x_wconf 81' lang='lat' dir='ltr'>regulam</span> 
     </span>
     <span class='ocr_line' id='line_1_5' title="bbox 146 726 1160 810; baseline 0 -20"><span class='ocrx_word' id='word_1_24' title='bbox 146 731 276 810; x_wconf 85' lang='lat' dir='ltr'>operata</span> <span class='ocrx_word' id='word_1_25' title='bbox 299 749 406 791; x_wconf 82' lang='lat' dir='ltr'>seeum</span> <span class='ocrx_word' id='word_1_26' title='bbox 424 727 560 791; x_wconf 91' lang='lat' dir='ltr'>invieem</span> <span class='ocrx_word' id='word_1_27' title='bbox 579 726 714 790; x_wconf 84' lang='lat' dir='ltr'>iacentia</span> <span class='ocrx_word' id='word_1_28' title='bbox 737 747 798 808; x_wconf 90' lang='lat' dir='ltr'>que</span> <span class='ocrx_word' id='word_1_29' title='bbox 821 747 885 808; x_wconf 67' lang='lat' dir='ltr'>aeq</span> <span class='ocrx_word' id='word_1_30' title='bbox 908 748 1002 810; x_wconf 86' lang='lat' dir='ltr'>super</span> <span class='ocrx_word' id='word_1_31' title='bbox 1025 726 1160 790; x_wconf 85' lang='lat' dir='ltr'>eandem</span> 
     </span>
     <span class='ocr_line' id='line_1_6' title="bbox 145 833 444 898; baseline 0 -2"><span class='ocrx_word' id='word_1_32' title='bbox 145 833 248 896; x_wconf 84' lang='lat' dir='ltr'>basim</span> <span class='ocrx_word' id='word_1_33' title='bbox 276 834 444 898; x_wconf 83' lang='lat' dir='ltr'>existentia</span> 
     </span>
     <span class='ocr_line' id='line_1_7' title="bbox 146 939 444 1023; baseline 0 -20"><span class='ocrx_word' id='word_1_34' title='bbox 146 939 268 1003; x_wconf 80' lang='lat' dir='ltr'>seilicet</span> <span class='ocrx_word' id='word_1_35' title='bbox 304 942 360 1023; x_wconf 73' lang='lat' dir='ltr'>dr,</span> <span class='ocrx_word' id='word_1_36' title='bbox 398 941 444 1003; x_wconf 88' lang='lat' dir='ltr'>ita</span> 
     </span>
     <span class='ocr_line' id='line_1_8' title="bbox 146 1044 468 1110; baseline 0.007 -2"><span class='ocrx_word' id='word_1_37' title='bbox 146 1049 183 1109; x_wconf 80' lang='lat' dir='ltr'>ut</span> <span class='ocrx_word' id='word_1_38' title='bbox 213 1044 297 1110; x_wconf 77' lang='lat' dir='ltr'>laius</span> <span class='ocrx_word' id='word_1_39' title='bbox 330 1047 368 1110; x_wconf 80' lang='lat' dir='ltr'>ee</span> <span class='ocrx_word' id='word_1_40' title='bbox 402 1047 468 1110; x_wconf 75' lang='lat' dir='ltr'>utv</span> 
     </span>
     <span class='ocr_line' id='line_1_9' title="bbox 146 1153 444 1217; baseline 0 0"><span class='ocrx_word' id='word_1_41' title='bbox 146 1159 314 1217; x_wconf 82' lang='lat' dir='ltr'>commune</span> <span class='ocrx_word' id='word_1_42' title='bbox 337 1153 444 1216; x_wconf 86' lang='lat' dir='ltr'>ambo·</span> 
     </span>
     <span class='ocr_line' id='line_1_10' title="bbox 145 1256 441 1346; baseline 0.005 -24"><span class='ocrx_word' id='word_1_43' title='bbox 145 1281 226 1322; x_wconf 90' lang='lat' dir='ltr'>rum.</span> <span class='ocrx_word' id='word_1_44' title='bbox 274 1256 441 1346; x_wconf 57' lang='lat' dir='ltr'>habeant)</span> 
     </span>
    </p>

    <p class='ocr_par' dir='ltr' id='par_1_4' title="bbox 80 1348 1202 2712">
     <span class='ocr_line' id='line_1_11' title="bbox 80 1365 444 1448; baseline -0.004 -16"><span class='ocrx_word' id='word_1_45' title='bbox 80 1392 119 1434; x_wconf 72' lang='lat' dir='ltr'>eae</span> <span class='ocrx_word' id='word_1_46' title='bbox 147 1369 253 1429; x_wconf 89' lang='lat' dir='ltr'>autem</span> <span class='ocrx_word' id='word_1_47' title='bbox 316 1365 444 1448; x_wconf 81' lang='lat' dir='ltr'>specula</span> 
     </span>
     <span class='ocr_line' id='line_1_12' title="bbox 146 1471 444 1536; baseline 0.002 0"><span class='ocrx_word' id='word_1_48' title='bbox 146 1471 348 1536; x_wconf 70' lang='lat' dir='ltr'>altitudinem</span> <span class='ocrx_word' id='word_1_49' title='bbox 407 1473 444 1536; x_wconf 76' lang='lat' dir='ltr'>ee</span> 
     </span>
     <span class='ocr_line' id='line_1_13' title="bbox 147 1577 443 1662; baseline 0.002 -20"><span class='ocrx_word' id='word_1_50' title='bbox 147 1578 277 1662; x_wconf 84' lang='lat' dir='ltr'>duplam</span> <span class='ocrx_word' id='word_1_51' title='bbox 302 1577 443 1643; x_wconf 87' lang='lat' dir='ltr'>latitudi·</span> 
     </span>
     <span class='ocr_line' id='line_1_14' title="bbox 146 1684 444 1769; baseline 0.005 -21"><span class='ocrx_word' id='word_1_52' title='bbox 146 1686 197 1748; x_wconf 86' lang='lat' dir='ltr'>nis</span> <span class='ocrx_word' id='word_1_53' title='bbox 232 1685 282 1749; x_wconf 84' lang='lat' dir='ltr'>ab.</span> <span class='ocrx_word' id='word_1_54' title='bbox 339 1684 444 1769; x_wconf 74' lang='lat' dir='ltr'>planet</span> 
     </span>
     <span class='ocr_line' id='line_1_15' title="bbox 147 1793 443 1874; baseline 0.007 -20"><span class='ocrx_word' id='word_1_55' title='bbox 147 1795 255 1855; x_wconf 86' lang='lat' dir='ltr'>autem</span> <span class='ocrx_word' id='word_1_56' title='bbox 315 1793 443 1874; x_wconf 82' lang='lat' dir='ltr'>quibus-</span> 
     </span>
     <span class='ocr_line' id='line_1_16' title="bbox 147 1899 443 1964; baseline 0.002 -3"><span class='ocrx_word' id='word_1_57' title='bbox 147 1899 220 1962; x_wconf 86' lang='lat' dir='ltr'>dam</span> <span class='ocrx_word' id='word_1_58' title='bbox 243 1899 346 1964; x_wconf 85' lang='lat' dir='ltr'>faeere</span> <span class='ocrx_word' id='word_1_59' title='bbox 374 1899 443 1964; x_wconf 84' lang='lat' dir='ltr'>alti·</span> 
     </span>
     <span class='ocr_line' id='line_1_17' title="bbox 146 1967 566 2072; baseline 0.014 -5"><span class='ocrx_word' id='word_1_60' title='bbox 146 2005 290 2069; x_wconf 79' lang='lat' dir='ltr'>tudinem</span> <span class='ocrx_word' id='word_1_61' title='bbox 347 2007 443 2072; x_wconf 86' lang='lat' dir='ltr'>emie-</span> <span class='ocrx_word' id='word_1_62' title='bbox 533 1967 566 2034; x_wconf 58' lang='lat'><em>9</em></span> 
     </span>
     <span class='ocr_line' id='line_1_18' title="bbox 145 2112 444 2178; baseline 0.007 -2"><span class='ocrx_word' id='word_1_63' title='bbox 145 2112 223 2176; x_wconf 89' lang='lat' dir='ltr'>liam</span> <span class='ocrx_word' id='word_1_64' title='bbox 257 2112 444 2178; x_wconf 85' lang='lat' dir='ltr'>latitudinis.</span> 
     </span>
     <span class='ocr_line' id='line_1_19' title="bbox 146 2218 1159 2308; baseline 0.006 -26"><span class='ocrx_word' id='word_1_65' title='bbox 146 2218 229 2282; x_wconf 87' lang='lat' dir='ltr'>nihil</span> <span class='ocrx_word' id='word_1_66' title='bbox 266 2223 372 2284; x_wconf 88' lang='lat' dir='ltr'>autem</span> <span class='ocrx_word' id='word_1_67' title='bbox 409 2221 515 2286; x_wconf 86' lang='lat' dir='ltr'>differt</span> <span class='ocrx_word' id='word_1_68' title='bbox 552 2223 655 2308; x_wconf 82' lang='lat' dir='ltr'>gratia</span> <span class='ocrx_word' id='word_1_69' title='bbox 686 2223 770 2286; x_wconf 92' lang='lat' dir='ltr'>bone</span> <span class='ocrx_word' id='word_1_70' title='bbox 801 2222 1018 2306; x_wconf 83' lang='lat' dir='ltr'>proportionis</span> <span class='ocrx_word' id='word_1_71' title='bbox 1055 2223 1159 2288; x_wconf 83' lang='lat' dir='ltr'>faeere</span> 
     </span>
     <span class='ocr_line' id='line_1_20' title="bbox 149 2328 1159 2414; baseline 0.005 -25"><span class='ocrx_word' id='word_1_72' title='bbox 149 2347 371 2409; x_wconf 86' lang='lat' dir='ltr'>quameunque</span> <span class='ocrx_word' id='word_1_73' title='bbox 399 2349 579 2392; x_wconf 85' lang='lat' dir='ltr'>mensuram</span> <span class='ocrx_word' id='word_1_74' title='bbox 608 2329 678 2412; x_wconf 81' lang='lat' dir='ltr'>quia</span> <span class='ocrx_word' id='word_1_75' title='bbox 706 2328 851 2394; x_wconf 88' lang='lat' dir='ltr'>voluerit.</span> <span class='ocrx_word' id='word_1_76' title='bbox 895 2333 931 2393; x_wconf 93' lang='lat' dir='ltr'>ut</span> <span class='ocrx_word' id='word_1_77' title='bbox 958 2329 1058 2414; x_wconf 89' lang='lat' dir='ltr'>igitur</span> <span class='ocrx_word' id='word_1_78' title='bbox 1087 2352 1159 2414; x_wconf 88' lang='lat' dir='ltr'>ape·</span> 
     </span>
     <span class='ocr_line' id='line_1_21' title="bbox 147 2433 1202 2520; baseline 0.003 -24"><span class='ocrx_word' id='word_1_79' title='bbox 147 2433 272 2496; x_wconf 88' lang='lat' dir='ltr'>riantur</span> <span class='ocrx_word' id='word_1_80' title='bbox 302 2438 334 2498; x_wconf 90' lang='lat' dir='ltr'>et</span> <span class='ocrx_word' id='word_1_81' title='bbox 363 2433 550 2498; x_wconf 72' lang='lat' dir='ltr'>claudantur</span> <span class='ocrx_word' id='word_1_82' title='bbox 578 2435 718 2520; x_wconf 82' lang='lat' dir='ltr'>specula,</span> <span class='ocrx_word' id='word_1_83' title='bbox 749 2435 954 2500; x_wconf 71' lang='lat' dir='ltr'>revolvantur</span> <span class='ocrx_word' id='word_1_84' title='bbox 985 2436 1159 2501; x_wconf 84' lang='lat' dir='ltr'>seeundum</span> <span class='ocrx_word' id='word_1_85' title='bbox 1175 2453 1202 2493; x_wconf 77' lang='lat'>2⁰</span> 
     </span>
     <span class='ocr_line' id='line_1_22' title="bbox 149 2541 1159 2626; baseline 0.003 -23"><span class='ocrx_word' id='word_1_86' title='bbox 149 2561 318 2604; x_wconf 81' lang='lat' dir='ltr'>commune</span> <span class='ocrx_word' id='word_1_87' title='bbox 347 2541 489 2623; x_wconf 83' lang='lat' dir='ltr'>ipserum</span> <span class='ocrx_word' id='word_1_88' title='bbox 512 2541 596 2607; x_wconf 85' lang='lat' dir='ltr'>latus</span> <span class='ocrx_word' id='word_1_89' title='bbox 619 2543 669 2626; x_wconf 82' lang='lat' dir='ltr'>be,</span> <span class='ocrx_word' id='word_1_90' title='bbox 699 2542 753 2606; x_wconf 86' lang='lat' dir='ltr'>sed</span> <span class='ocrx_word' id='word_1_91' title='bbox 780 2541 862 2606; x_wconf 85' lang='lat' dir='ltr'>nihil</span> <span class='ocrx_word' id='word_1_92' title='bbox 886 2543 1043 2606; x_wconf 80' lang='lat' dir='ltr'>variantia</span> <span class='ocrx_word' id='word_1_93' title='bbox 1065 2541 1159 2606; x_wconf 85' lang='lat' dir='ltr'>idolis</span> 
     </span>
     <span class='ocr_line' id='line_1_23' title="bbox 148 2634 727 2712; baseline 0.002 -2"><span class='ocrx_word' id='word_1_94' title='bbox 148 2668 225 2710; x_wconf 82' lang='lat' dir='ltr'>esse.</span> <span class='ocrx_word' id='word_1_95' title='bbox 250 2651 282 2710; x_wconf 91' lang='lat' dir='ltr'>et</span> <span class='ocrx_word' id='word_1_96' title='bbox 304 2647 364 2710; x_wconf 90' lang='lat' dir='ltr'>erit</span> <span class='ocrx_word' id='word_1_97' title='bbox 387 2647 516 2712; x_wconf 77' lang='lat' dir='ltr'>fautum.</span> <span class='ocrx_word' id='word_1_98' title='bbox 626 2701 628 2705; x_wconf 68' lang='lat'>,</span> <span class='ocrx_word' id='word_1_99' title='bbox 725 2634 727 2638; x_wconf 39' lang='grc'>’</span> 
     </span>
    </p>
   </div>
   <div class='ocr_carea' id='block_1_4' title="bbox 754 2063 871 2112">
    <p class='ocr_par' dir='ltr' id='par_1_5' title="bbox 754 2063 871 2112">
     <span class='ocr_line' id='line_1_24' title="bbox 754 2063 871 2112; baseline 0 -10"><span class='ocrx_word' id='word_1_100' title='bbox 754 2063 804 2112; x_wconf 74' lang='lat' dir='ltr'>rig.</span> <span class='ocrx_word' id='word_1_101' title='bbox 819 2063 871 2102; x_wconf 74' lang='lat' dir='ltr'>see.</span> 
     </span>
    </p>
   </div>
   <div class='ocr_carea' id='block_1_5' title="bbox 74 2909 1162 3265">
    <p class='ocr_par' dir='ltr' id='par_1_6' title="bbox 74 2909 1162 3265">
     <span class='ocr_line' id='line_1_25' title="bbox 74 2909 1161 2980; baseline 0.001 -17"><span class='ocrx_word' id='word_1_102' title='bbox 74 2972 78 2978; x_wconf 15' lang='grc' dir='ltr'>ἢ</span> <span class='ocrx_word' id='word_1_103' title='bbox 223 2917 317 2979; x_wconf 75' lang='lat' dir='ltr'>lpoet</span> <span class='ocrx_word' id='word_1_104' title='bbox 335 2909 436 2964; x_wconf 88' lang='lat' dir='ltr'>deinde</span> <span class='ocrx_word' id='word_1_105' title='bbox 456 2912 558 2966; x_wconf 76' lang='lat' dir='ltr'>lacuna</span> <span class='ocrx_word' id='word_1_106' title='bbox 574 2914 665 2967; x_wconf 76' lang='lat' dir='ltr'>nescio</span> <span class='ocrx_word' id='word_1_107' title='bbox 684 2917 747 2980; x_wconf 77' lang='lat' dir='ltr'>quot</span> <span class='ocrx_word' id='word_1_108' title='bbox 762 2912 914 2966; x_wconf 78' lang='lat' dir='ltr'>litterarum</span> <span class='ocrx_word' id='word_1_109' title='bbox 935 2911 988 2967; x_wconf 83' lang='grc' dir='ltr'>ΘΑ</span> <span class='ocrx_word' id='word_1_110' title='bbox 1053 2911 1161 2965; x_wconf 77' lang='lat' dir='ltr'>dicrota</span> 
     </span>
     <span class='ocr_line' id='line_1_26' title="bbox 150 2981 1159 3050; baseline 0.001 -16"><span class='ocrx_word' id='word_1_111' title='bbox 150 2983 181 3048; x_wconf 64' lang='grc' dir='ltr'>(ι’.</span> <span class='ocrx_word' id='word_1_112' title='bbox 197 2999 218 3035; x_wconf 86' lang='lat' dir='ltr'>e.</span> <span class='ocrx_word' id='word_1_113' title='bbox 238 2983 340 3050; x_wconf 77' lang='grc' dir='ltr'><strong><em>διφυῆ)</em></strong></span> <span class='ocrx_word' id='word_1_114' title='bbox 362 2981 397 3037; x_wconf 90' lang='lat'>0.-</span> <span class='ocrx_word' id='word_1_115' title='bbox 418 2981 539 3036; x_wconf 84' lang='lat' dir='ltr'>disereta</span> <span class='ocrx_word' id='word_1_116' title='bbox 558 2982 600 3037; x_wconf 82' lang='lat' dir='ltr'>E:</span> <span class='ocrx_word' id='word_1_117' title='bbox 620 2982 756 3037; x_wconf 81' lang='lat' dir='ltr'>distracta</span> <span class='ocrx_word' id='word_1_118' title='bbox 775 2985 802 3037; x_wconf 88' lang='lat' dir='ltr'><strong><em>A</em></strong></span> <span class='ocrx_word' id='word_1_119' title='bbox 881 2983 1001 3036; x_wconf 79' lang='lat' dir='ltr'>2b0um</span> <span class='ocrx_word' id='word_1_120' title='bbox 1022 2983 1091 3038; x_wconf 88' lang='lat' dir='ltr'>OA:</span> <span class='ocrx_word' id='word_1_121' title='bbox 1109 2981 1159 3036; x_wconf 87' lang='lat' dir='ltr'>bo·</span> 
     </span>
     <span class='ocr_line' id='line_1_27' title="bbox 148 3052 1160 3110; baseline 0.001 -6"><span class='ocrx_word' id='word_1_122' title='bbox 148 3069 217 3104; x_wconf 90' lang='lat' dir='ltr'>num</span> <span class='ocrx_word' id='word_1_123' title='bbox 228 3053 270 3106; x_wconf 88' lang='lat' dir='ltr'>E:</span> <span class='ocrx_word' id='word_1_124' title='bbox 284 3052 384 3106; x_wconf 90' lang='lat' dir='ltr'>horum</span> <span class='ocrx_word' id='word_1_125' title='bbox 394 3054 506 3110; x_wconf 73' lang='lat' dir='ltr'>Martia</span> <span class='ocrx_word' id='word_1_126' title='bbox 551 3053 710 3108; x_wconf 71' lang='lat' dir='ltr'>bbasemA</span> <span class='ocrx_word' id='word_1_127' title='bbox 761 3059 865 3106; x_wconf 80' lang='lat'>12-13</span> <span class='ocrx_word' id='word_1_128' title='bbox 875 3053 1056 3107; x_wconf 85' lang='lat' dir='ltr'>latitudinem</span> <span class='ocrx_word' id='word_1_129' title='bbox 1066 3055 1160 3107; x_wconf 86' lang='lat' dir='ltr'>autem</span> 
     </span>
     <span class='ocr_line' id='line_1_28' title="bbox 151 3122 1160 3198; baseline -0.001 -21"><span class='ocrx_word' id='word_1_130' title='bbox 151 3122 209 3177; x_wconf 72' lang='lat' dir='ltr'>ab·</span> <span class='ocrx_word' id='word_1_131' title='bbox 230 3125 258 3178; x_wconf 87' lang='lat' dir='ltr'><strong><em>A</em></strong></span> <span class='ocrx_word' id='word_1_132' title='bbox 330 3130 364 3178; x_wconf 79' lang='lat'>20</span> <span class='ocrx_word' id='word_1_133' title='bbox 384 3127 412 3178; x_wconf 88' lang='lat' dir='ltr'>et</span> <span class='ocrx_word' id='word_1_134' title='bbox 431 3127 523 3180; x_wconf 79' lang='lat' dir='ltr'>ornA</span> <span class='ocrx_word' id='word_1_135' title='bbox 596 3124 913 3198; x_wconf 67' lang='lat' dir='ltr'>21fised&lt;0portet&gt;</span> <span class='ocrx_word' id='word_1_136' title='bbox 986 3125 1035 3178; x_wconf 81' lang='lat' dir='ltr'>sed</span> <span class='ocrx_word' id='word_1_137' title='bbox 1053 3125 1095 3178; x_wconf 85' lang='lat' dir='ltr'>E:</span> <span class='ocrx_word' id='word_1_138' title='bbox 1119 3139 1160 3176; x_wconf 85' lang='lat' dir='ltr'>se-</span> 
     </span>
     <span class='ocr_line' id='line_1_29' title="bbox 152 3194 1162 3265; baseline 0.002 -17"><span class='ocrx_word' id='word_1_139' title='bbox 152 3195 275 3248; x_wconf 87' lang='lat' dir='ltr'>eundum</span> <span class='ocrx_word' id='word_1_140' title='bbox 294 3194 350 3251; x_wconf 90' lang='lat' dir='ltr'>OA</span> <span class='ocrx_word' id='word_1_141' title='bbox 417 3195 500 3251; x_wconf 80' lang='lat' dir='ltr'>idolis</span> <span class='ocrx_word' id='word_1_142' title='bbox 522 3196 591 3251; x_wconf 85' lang='lat' dir='ltr'>OE:</span> <span class='ocrx_word' id='word_1_143' title='bbox 614 3196 730 3265; x_wconf 85' lang='lat' dir='ltr'>ydolum</span> <span class='ocrx_word' id='word_1_144' title='bbox 748 3198 776 3249; x_wconf 91' lang='lat' dir='ltr'><strong><em>A</em></strong></span> <span class='ocrx_word' id='word_1_145' title='bbox 840 3203 904 3264; x_wconf 78' lang='lat' dir='ltr'>post</span> <span class='ocrx_word' id='word_1_146' title='bbox 921 3195 1006 3250; x_wconf 86' lang='lat' dir='ltr'>idelis</span> <span class='ocrx_word' id='word_1_147' title='bbox 1025 3197 1118 3250; x_wconf 80' lang='lat' dir='ltr'>albam</span> <span class='ocrx_word' id='word_1_148' title='bbox 1139 3195 1162 3250; x_wconf 90' lang='grc'><em>0</em></span> 
     </span>
    </p>
   </div>
   <div class='ocr_carea' id='block_1_6' title="bbox 54 3461 1159 3678">
    <p class='ocr_par' dir='ltr' id='par_1_7' title="bbox 54 3461 1159 3678">
     <span class='ocr_line' id='line_1_30' title="bbox 223 3461 1159 3538; baseline -0.003 -19"><span class='ocrx_word' id='word_1_149' title='bbox 223 3469 249 3538; x_wconf 77' lang='lat'>2)</span> <span class='ocrx_word' id='word_1_150' title='bbox 268 3465 301 3520; x_wconf 91' lang='lat' dir='ltr'>D.</span> <span class='ocrx_word' id='word_1_151' title='bbox 316 3465 343 3519; x_wconf 93' lang='lat' dir='ltr'>h.</span> <span class='ocrx_word' id='word_1_152' title='bbox 364 3465 522 3535; x_wconf 81' lang='lat' dir='ltr'>abgesehen</span> <span class='ocrx_word' id='word_1_153' title='bbox 541 3465 640 3532; x_wconf 87' lang='lat' dir='ltr'>daven,</span> <span class='ocrx_word' id='word_1_154' title='bbox 660 3463 722 3517; x_wconf 85' lang='lat' dir='ltr'>dass</span> <span class='ocrx_word' id='word_1_155' title='bbox 742 3463 787 3517; x_wconf 88' lang='lat' dir='ltr'>die</span> <span class='ocrx_word' id='word_1_156' title='bbox 801 3463 904 3531; x_wconf 86' lang='lat' dir='ltr'>Bilder‚</span> <span class='ocrx_word' id='word_1_157' title='bbox 923 3461 954 3514; x_wconf 93' lang='lat' dir='ltr'>in</span> <span class='ocrx_word' id='word_1_158' title='bbox 969 3463 1095 3517; x_wconf 82' lang='lat' dir='ltr'>welchen</span> <span class='ocrx_word' id='word_1_159' title='bbox 1113 3461 1159 3516; x_wconf 91' lang='lat' dir='ltr'>die</span> 
     </span>
     <span class='ocr_line' id='line_1_31' title="bbox 54 3532 1159 3604; baseline -0.003 -15"><span class='ocrx_word' id='word_1_160' title='bbox 54 3540 116 3560; x_wconf 73' lang='lat'>⁴*</span> <span class='ocrx_word' id='word_1_161' title='bbox 150 3536 246 3592; x_wconf 69' lang='lat' dir='ltr'>reehte</span> <span class='ocrx_word' id='word_1_162' title='bbox 262 3537 336 3592; x_wconf 84' lang='lat' dir='ltr'>Seite</span> <span class='ocrx_word' id='word_1_163' title='bbox 350 3536 425 3590; x_wconf 82' lang='lat' dir='ltr'>links</span> <span class='ocrx_word' id='word_1_164' title='bbox 440 3535 587 3604; x_wconf 82' lang='lat' dir='ltr'>ereeheint,</span> <span class='ocrx_word' id='word_1_165' title='bbox 602 3534 690 3588; x_wconf 78' lang='lat' dir='ltr'>durch</span> <span class='ocrx_word' id='word_1_166' title='bbox 701 3533 965 3603; x_wconf 80' lang='lat' dir='ltr'>Widerspiegelung</span> <span class='ocrx_word' id='word_1_167' title='bbox 978 3533 1031 3586; x_wconf 87' lang='lat' dir='ltr'>mit</span> <span class='ocrx_word' id='word_1_168' title='bbox 1045 3532 1159 3588; x_wconf 85' lang='lat' dir='ltr'>selehen</span> 
     </span>
     <span class='ocr_line' id='line_1_32' title="bbox 191 3603 1048 3678; baseline -0.001 -18"><span class='ocrx_word' id='word_1_169' title='bbox 191 3609 342 3678; x_wconf 80' lang='lat' dir='ltr'>veehseln‚</span> <span class='ocrx_word' id='word_1_170' title='bbox 361 3608 391 3662; x_wconf 92' lang='lat' dir='ltr'>in</span> <span class='ocrx_word' id='word_1_171' title='bbox 410 3609 501 3664; x_wconf 84' lang='lat' dir='ltr'>denen</span> <span class='ocrx_word' id='word_1_172' title='bbox 520 3607 565 3660; x_wconf 89' lang='lat' dir='ltr'>die</span> <span class='ocrx_word' id='word_1_173' title='bbox 584 3606 678 3668; x_wconf 83' lang='lat' dir='ltr'>reehte</span> <span class='ocrx_word' id='word_1_174' title='bbox 698 3605 773 3659; x_wconf 83' lang='lat' dir='ltr'>Seite</span> <span class='ocrx_word' id='word_1_175' title='bbox 791 3604 883 3658; x_wconf 81' lang='lat' dir='ltr'>rechts</span> <span class='ocrx_word' id='word_1_176' title='bbox 902 3603 1048 3659; x_wconf 83' lang='lat' dir='ltr'>erseheint.</span> 
     </span>
    </p>
   </div>
   <div class='ocr_carea' id='block_1_7' title="bbox 0 0 1304 3876">
    <p class='ocr_par' dir='ltr' id='par_1_8' title="bbox 0 0 1304 3876">
     <span class='ocr_line' id='line_1_33' title="bbox 0 0 1304 3876; baseline 0 0"><span class='ocrx_word' id='word_1_177' title='bbox 0 0 1304 3876; x_wconf 95' lang='lat' dir='ltr'> </span> 
     </span>
    </p>
   </div>
  </div>
 </body>
</html>
