2596 3876
173 214 238 279 396
458 213 650 284 [Ευοιιοιε]
669 213 899 266 οεοοεωειοε.

174 378 237 463 ἄρα
265 375 284 458 ἡ
314 381 359 459 A,
386 380 431 441 Μ
452 386 509 459 τῆς
538 379 566 439 0
592 377 710 459 μείζων
738 373 837 440 ἐστίν.
882 374 944 439 οὐκ
971 376 1034 461 ὄρα
1064 390 1188 458 συμπε-
1279 452 1282 469 Ι

174 491 312 547 σοῦνται
339 484 373 547 αί
397 487 477 565 ΖΛ,
506 485 576 546 ΗΒ
602 481 732 546 εὐθεῖαι
759 477 839 545 οὐδὲ
865 481 1071 566 παράλληλοί
1092 481 1188 547 εἰσιν.

661 699 699 740 ε.

135 800 154 825 ¹⁰
258 781 318 848 'Ev
339 793 409 860 τοῖς
431 785 556 858 κοίλοις
578 781 751 868 ένόπτροις
769 781 827 847 έδιν
849 781 870 865 ἣ
892 780 945 847 ἐπὶ
967 791 1028 848 τοῦ
1046 781 1187 870 κέντρου

173 888 266 973 maz
290 899 347 974 τῆς
365 891 577 974 περιφερείας
600 942 606 954 .
626 939 633 952 .
653 938 660 953 .
684 895 749 974 θῇς
771 889 809 954 τὸ
830 890 933 974 ὄμμα,
951 939 959 952 .
979 939 986 954 .
1006 939 1013 953 .
1036 890 1071 954 αἱ
1094 890 1188 968 ὄψεις
1216 905 1231 946 ⁵
1283 917 1285 928 ⁴

173 995 403 1080 ἀνακλώμεναι
426 1003 681 1079 συμπεσοῦνται.

252 1101 361 1168 Ἔστω
384 1107 500 1167 κοῖλον
521 1104 684 1186 ἔνοπτρον
706 1103 743 1166 τὸ
767 1107 799 1164 A
805 1104 884 1184 ΓΛ,
909 1099 1048 1188 κέντρον
1070 1098 1107 1166 δὲ
1129 1112 1189 1186 τῆς

173 1213 319 1295 σφαίρας
345 1209 382 1274 τὸ
407 1212 450 1291 Β,
481 1206 538 1272 καὶ
556 1209 690 1273 κείσθω
717 1209 754 1272 τὸ
783 1210 871 1292 ὄμμα
899 1206 952 1272 έπὶ
974 1216 1034 1272 τοῦ
1058 1211 1101 1291 Β,
1131 1207 1188 1272 καὶ

172 1314 468 1402 προσπιπτέτωσαν
495 1314 559 1379 ἀπὸ
586 1323 647 1379 τοῦ
675 1317 704 1378 Β
732 1315 825 1390 ὄψεις
856 1315 939 1399 πρὸς
957 1316 1026 1402 Ιτὴν
1052 1313 1188 1401 περιφέ-

173 1445 268 1509 ρειαν
291 1423 325 1486 αἱ
348 1425 429 1504 BA,
452 1423 530 1504 ΒΓ,
554 1425 629 1485 ΒΛ.
667 1426 736 1484 ίσαι
760 1421 824 1505 ἄρα
846 1418 932 1486 είσὶν
955 1423 990 1486 αἱ
1012 1422 1095 1506 πρὸς
1117 1433 1187 1497 τοῖς
1201 1439 1233 1478 10

173 1531 320 1613 σημείοις
342 1541 412 1604 τοῖς
435 1534 480 1612 A,
503 1532 551 1610 A,
575 1530 607 1591 Γ
626 1530 757 1610 γωνίαι·
789 1527 987 1611 ἡμικυκλίου
1010 1529 1072 1612 γάρ
1092 1529 1187 1593 είσιν.

172 1637 207 1700 αί
226 1636 289 1720 ἄρα
308 1637 402 1712 ὄψεις
416 1634 644 1718 ἀνακλώμεναι
663 1632 703 1698 δι’
730 1631 856 1698 ἑαυτῶν
874 1633 1188 1718 ἀνακίασθιίσονται
1290 1659 1291 1662 ’

172 1743 208 1805 αἱ
229 1745 310 1824 BA,
333 1743 410 1824 ΒΓ,
434 1745 513 1804 ΒΛ·
549 1749 649 1805 τοῦτο
668 1741 731 1825 γὰρ
751 1739 922 1804 δέδεικται.
959 1741 1042 1806 ὥστε
1064 1757 1188 1825 συμπε-

173 1856 312 1912 σοῦνται
335 1848 417 1911 κατδ
440 1847 477 1911 τὸ
502 1850 539 1911 Β.
1293 1915 1294 1924 ,

251 1952 360 2018 ’Έστω
384 1952 485 2018 πάλιν
507 1957 622 2018 κοῖλον
651 1957 811 2038 ένοπτρον
834 1954 870 2019 τὸ
894 1957 1008 2038 ΑΓΒ,
1038 1957 1126 2040 ὄμμα
1150 1951 1188 2020 δὲ
1202 1971 1232 2011 1⁶

105 2076 145 2116 ²⁹⁶
172 2062 209 2124 τὸ
233 2064 277 2142 Β,
298 2057 302 2145 Ι
322 2061 447 2124 κείσθω
471 2056 508 2124 δὲ
527 2058 580 2125 ἐπὶ
598 2070 656 2144 τῆς
673 2061 885 2144 περιφερείας
907 2060 1021 2145 αὐτοῦ,
1044 2061 1099 2126 καὶ
1122 2061 1188 2127 ἀπὸ

171 2175 233 2230 τοῦ
251 2169 280 2234 Β
299 2165 596 2250 προσπιπτέτωσαν
614 2168 707 2243 ὄψεις
725 2166 759 2229 αί
779 2168 855 2249 ΒΓ,
874 2169 941 2230 BA
959 2167 1188 2252 ἀνακλώμεναι

173 2270 226 2338 ἐπὶ
249 2273 289 2337 τδι
307 2277 355 2355 Δ,
374 2277 406 2336 E
423 2283 549 2357 σημεῖα.
592 2270 661 2336 ἐπεὶ
679 2274 790 2356 μεῖζον
812 2272 849 2336 τὸ
872 2275 972 2337 ΑΓΒ
995 2283 1104 2358 τμῆμα
1126 2284 1188 2339 τοῦ

172 2382 240 2443 ΒΓ
258 2382 434 2463 τμήματος,
459 2381 578 2463 μείζων
600 2377 621 2460 ἡ
646 2382 673 2441 Ζ
696 2379 801 2460 γωνία
824 2387 881 2461 τῆς
906 2382 935 2442 Θ
957 2382 1087 2461 γωνίας.
1132 2379 1188 2445 καὶ
1237 2454 1239 2459 ,

100 2563 101 2566 ¹
171 2484 192 2568 ἡ
221 2489 260 2549 Η
283 2487 346 2571 ὄρα
374 2493 432 2568 τῆς
459 2487 494 2548 Κ
519 2487 645 2568 μείζων.
700 2485 735 2548 αἱ
762 2485 826 2570 ὄρα
858 2489 899 2568 Ζ,
928 2490 966 2550 Η
985 2497 1055 2551 τῶν
1085 2490 1128 2569 Θ,
1155 2489 1233 2550 Κῖῡ

171 2595 302 2676 μείζους
325 2593 419 2656 είσίν.
456 2590 554 2672 λοιπὴ
575 2589 640 2675 ἄρα
658 2588 679 2672 ἡ
698 2594 729 2654 A
747 2599 805 2673 τῆς
823 2593 867 2656 Μ
881 2589 1042 2657 ἐλάσσων·
1074 2596 1187 2680 πολλῷ

172 2702 300 2782 μᾶλλον
326 2699 390 2784 ὄρα
418 2705 476 2780 τῆς
502 2700 545 2760 Ν.
591 2705 837 2780 συμπεσοῦνται
865 2698 929 2784 ἄρα
959 2699 993 2763 αἱ
1018 2701 1098 2783 ΓΔ,
1120 2703 1189 2763 ΑΕ

171 2805 255 2869 κατὰ
277 2806 314 2869 τὸ
338 2803 374 2876 Ξ.

647 2906 711 2974 κδ’.

94 3048 146 3091 ³20·
259 3031 314 3098 Ἐν
327 3045 397 3110 τοῖς
410 3036 535 3111 κοίλοις
549 3033 720 3120 ένόπτροις
735 3033 793 3098 ἐδν
994 3051 1026 3100 Ρ
1202 3051 1231 3092 ²⁵

172 3137 225 3206 έπί
258 3148 318 3204 τοῦ
345 3138 485 3227 κέντρου
515 3141 552 3206 τὸ
585 3142 672 3224 ὄμμα
699 3146 792 3226 τεθῇ,
842 3109 1180 3479 φ

172 3245 254 3311 αὐτὸ
277 3247 384 3330 μόνον
406 3250 559 3331 φαίνεται
583 3248 620 3312 τὸ
643 3249 739 3331 ὄμμα

250 3351 358 3418 Ἔστω
398 3358 513 3418 κοῖλον
553 3356 716 3438 ἔνοπτρον
755 3354 792 3418 τὸ

44 3548 117 3568 Α
171 3463 289 3544 ΑΓΛ,
321 3458 462 3545 κέντρον
490 3456 526 3524 δὲ
554 3460 659 3525 αὐτοῦ
686 3460 723 3524 τὸ
748 3461 792 3542 Β,
987 3501 1021 3556 Β

170 3568 264 3645 ὄψεις
287 3563 324 3631 δὲ
347 3568 382 3632 αἱ
405 3569 485 3649 BA,
505 3567 578 3649 ΒΓ,
597 3569 672 3629 ΒΔ.
717 3563 791 3628 οὐκ·
956 3580 1066 3630 mmo.
