2602 3874
162 215 228 278 270
292 217 470 268 ἨΕΒΟΝΙΘ
486 215 777 266 MEOHANIGOBUM
794 216 1018 266 FRAGMENTA.

247 375 335 440 Ἐπεὶ
353 378 416 462 γὰρ
435 376 646 460 ὀρθογώνιόν
660 375 793 440 ἐστιν
763 399 800 440 το
814 377 947 439 ΑΒΓΔ
960 377 1170 459 παραλληλό-

162 489 323 551 γραμμον,
347 467 382 530 αλ
403 463 556 550 τέσσαρες
579 465 708 530 εὐθεῖαι
730 466 765 529 αλ
787 467 868 547 ΔΗ,
891 467 973 548 ΗΑ,
995 467 1073 546 ΗΒ,
1097 464 1173 528 ΗΓ

164 560 231 618 ἴσαι
254 553 409 636 ἀλλήλαις
432 556 525 618 εἰσίν.
566 547 697 618 ἐπεὶ
659 578 722 618 ουν
745 559 799 635 ἴση
822 551 842 635 ἡ
859 512 941 617 ’ΔΗ
957 563 997 638 τῇ
1016 512 1091 616 ΑΗ
1109 550 1167 616 καλ

162 643 290 726 διῆκται
312 642 332 725 ἡ
356 646 438 726 ΗΖ,
465 644 502 707 τὸ
525 644 589 728 ἄρα
606 643 671 706 ὑπὸ
695 645 798 706 ΔΖΑ
820 642 900 725 μετὰ
923 650 983 706 τοῦ
1006 639 1069 705 ἀπὸ
1092 645 1168 704 ΑΗ

163 737 236 795 ἴσον
259 729 349 796 ἐστὶν
370 739 416 819 τῷ
439 730 502 796 ἀπὸ
526 735 602 795 ΗΖ.
648 731 703 796 διὰ
725 731 765 794 τὰ
788 729 871 794 αὐτὰ
895 730 936 813 δὴ
958 728 1066 794 καὶ
1036 753 1073 794 το
1096 729 1164 794 ὑπὸ
1195 750 1210 789 5
1295 763 1296 766 ¹

160 823 266 885 ΔΕΓ
292 821 372 904 μετὰ
403 829 463 885 τοῦ
495 819 558 885 ἀπὸ
591 822 664 884 ΓΗ
692 825 766 884 ἴσον
798 817 887 883 ἐστὶν
917 827 963 905 τῷ
995 818 1057 883 ἀπὸ
1087 822 1164 884 ΗΕ.

159 907 215 973 καὶ
244 906 330 973 εἰσὶν
358 915 427 973 ἴσαι
454 910 489 973 αλ
517 912 600 990 ΗΕ,
632 911 708 972 ΗΖ.
760 909 873 972 λσον’
860 909 923 988 ἄρα
940 883 1005 971 καλ
1032 909 1069 972 τὸ
1096 907 1163 972 ὑπὸ

159 1001 263 1062 AZA
309 999 364 1062 ετὰ
386 1006 447 1062 τοῦ
470 997 533 1062 ἀπὸ
552 956 621 1061 ΑΗ
639 1005 684 1084 τῷ
706 997 772 1062 ὑπὸ
790 998 895 1060 ΔΕΓ
912 997 992 1080 μετὰ
1014 1004 1074 1060 τοῦ
1098 995 1162 1060 ἀπὸ

161 1088 235 1150 ΓΗ.
276 1110 324 1152 ων
346 1087 383 1150 τὸ
407 1085 470 1151 ἀπὸ
490 1089 562 1150 ΓΗ
577 1091 651 1150 ἴσον
662 1061 759 1150 ἐστὶν
777 1093 822 1170 τῷ
841 1083 905 1148 ἀπὸ
924 1088 962 1148 Η
964 1091 1003 1148 Α
1043 1085 1163 1148 λοιπὸν

159 1176 223 1260 ἄρα
245 1176 281 1240 τὸ
304 1175 369 1240 ὑπὸ
392 1178 498 1239 ΔΕΓ
516 1180 591 1239 ἴσον
613 1173 703 1238 ἐστὶν
725 1181 771 1261 τῷ
792 1173 857 1238 ὑπὸ
879 1177 990 1236 ΔΖΑ.
1031 1173 1076 1249 ὡς
1098 1175 1162 1257 ἄρα
1178 1192 1206 1231 10

158 1263 263 1346 ἡΕΔ
285 1264 368 1348 πρὸς
386 1261 502 1346 ΔΖ,”
485 1288 505 1347 η
527 1267 591 1328 ZA
612 1265 696 1349 πρὸς
715 1265 784 1327 ΓΕ.
826 1263 869 1338 ὡς
892 1258 968 1325 δὲ’
951 1287 972 1345 η
991 1266 1058 1326 ΕΔ
1079 1263 1163 1346 πρὸς

159 1355 239 1434 ΔΖ,
266 1352 287 1434 ἥ
314 1375 348 1416 τε
371 1356 438 1416 BA
464 1353 546 1437 πρὸς
569 1357 635 1416 ΑΖ
661 1350 716 1416 καὶ
740 1351 760 1434 ἡ
784 1353 851 1414 ΕΓ
869 1350 952 1434 πρὸς
975 1353 1051 1433 ΓΒ,
1078 1351 1161 1415 ὥστε

158 1443 249 1505 ἔσται
271 1439 366 1504 καλ’
349 1466 393 1518 ως
415 1440 435 1523 ἡ
454 1446 520 1505 ΑΒ
543 1442 626 1527 πρὸς
643 1445 719 1523 ΑΖ,
741 1441 762 1522 ἡ
784 1463 819 1502 τε
840 1443 902 1504 ZA
925 1440 1007 1524 πρὸς
1026 1441 1091 1503 ΓΕ
1105 1437 1161 1503 καὶ

158 1529 178 1612 ἡ
202 1532 266 1594 ΓΕ
289 1530 371 1615 πρὸς
395 1532 465 1594 ΓΒ.
510 1541 577 1595 τῶν
599 1532 663 1615 ἄρα
686 1532 765 1611 ΑΒ,
793 1530 859 1593 ΒΓ
877 1525 973 1611 μεσαι
996 1527 1161 1610 ἀνάλογόν

158 1619 244 1683 εἰσιν
267 1619 300 1682 αλ
322 1622 403 1702 ΑΖ,
427 1621 497 1684 ΓΕ.
1175 1634 1202 1674 1⁵

157 1795 248 1877 ἡΓΔ
270 1798 343 1860 κατὰ
365 1798 397 1860 τὸ
419 1799 444 1859 Θ
466 1798 516 1860 καλ
532 1799 700 1881 πρόσκειται
717 1796 736 1878 ἡ
755 1803 825 1876 ΓΖ,
847 1797 880 1859 τὸ
902 1797 961 1859 ὑπὸ
980 1800 1072 1856 ΔΖΓ
1090 1796 1160 1876 μετὰ

156 1897 209 1948 τοῦ
232 1885 289 1949 ἀπὸ
313 1890 370 1949 ΓΘ
397 1889 462 1949 ἴσον
490 1887 568 1949 ἐστὶν
595 1893 634 1972 τῷ
657 1885 714 1948 ἀπὸ
740 1889 804 1949 ΘΖ.
849 1886 951 1948 κοινὸν
973 1886 1160 1968 προσκείσθω

156 1975 188 2036 τὸ
211 1975 269 2038 ἀπὸ
291 1979 360 2038 ΕΘ.
410 1975 442 2037 τὸ
465 1974 522 2056 ἄρα
547 1975 604 2037 ὑπὸ
628 1980 720 2036 ΔΖΓ
747 1975 818 2055 μετὰ
844 1985 903 2036 τῶν
926 1973 983 2036 ἀπὸ
1006 1976 1080 2053 ΓΘ,
1100 1976 1160 2035 ΘΕ

156 2065 222 2126 ἴσον
244 2064 304 2126 ἐστὶ
325 2071 387 2138 τοῖς
409 2063 467 2126 ἀπὸ
490 2067 564 2144 ΖΘ,
585 2067 652 2126 ΘΕ.
696 2064 746 2126 καὶ
769 2064 827 2126 ἔστι
850 2071 910 2137 τοῖς
932 2062 986 2144 μὲν
1008 2062 1066 2126 ἀπὸ
1089 2065 1159 2142 ΓΘ,

158 2155 217 2215 ΘΕ
239 2155 305 2215 ἴσον
327 2153 359 2215 τὸ
382 2152 440 2215 ἀπὸ
464 2157 535 2233 ΓΕ,
563 2160 624 2226 τοῖς
647 2151 679 2215 δὲ
702 2152 759 2214 ἀπὸ
782 2155 855 2233 ΖΘ,
876 2155 934 2214 ΘΕ
959 2153 1024 2214 ἴσον
1045 2151 1077 2213 τὸ
1100 2149 1201 2213 ἀπὸνθ

154 2242 235 2320 ΕΖ]
281 2241 313 2303 τὸ
336 2240 393 2323 ἄρα
415 2242 474 2304 ὑπὸ
496 2247 588 2303 ΔΖΓ
610 2241 680 2323 μετὰ
705 2251 756 2304 τοῦ
779 2241 837 2303 ἀπὸ
861 2246 918 2302 ΓΕ
945 2241 1010 2302 ἴσον
1036 2247 1076 2326 τῷ
1100 2239 1157 2301 ἀπὸ

154 2335 221 2392 ΕΖ.
268 2328 339 2410 ὁμοί
337 2355 377 2404 ως
405 2329 441 2408 δὴ
466 2331 708 2412 δειχθήσεται,”
690 2355 735 2392 οτι
756 2329 806 2392 καὶ
827 2329 859 2391 τὸ
882 2329 940 2391 ὑπὸ
963 2303 1065 2390 AHA‘
1088 2328 1158 2408 μετὰ

156 2429 209 2482 τοῦ
231 2417 290 2481 ἀπὸ
312 2420 414 2480 AJN
399 2439 464 2481 ισον
487 2419 547 2481 ἕστλ
568 2425 608 2504 τῷ
630 2418 688 2481 ἀπὸ
707 2423 778 2480 ΕΗ.
815 2419 865 2480 καλ
887 2418 1004 2480 {aust
988 2435 1038 2497 ιση
1060 2414 1134 2496 ἡ
1104 2439 1158 2497 μεν

154 2513 217 2569 ΑΕ
243 2518 278 2592 τῇ
301 2513 374 2587 ΕΓ,
405 2505 424 2586 ἡ
453 2506 485 2568 δὲ
507 2512 572 2569 ΗΕ
599 2519 633 2594 τῇ
657 2513 723 2570 ΕΖ
768 2507 818 2569 καὶ
844 2507 876 2569 τὸ
903 2507 961 2568 ὑπὸ
985 2503 1119 2566 ΔΖΓ”
1100 2530 1158 2588 αρα

154 2597 219 2659 ἴσον
242 2595 320 2658 ἐστὶν
343 2603 382 2682 τῷ
405 2596 464 2658 ὑπὸ
478 2601 583 2658 ΔΗΑ.
621 2595 687 2676 [ἐὰν
710 2595 742 2658 δὲ
764 2597 796 2658 τὸ
820 2596 878 2658 ὑπὸ
897 2605 955 2658 τῶν
972 2593 1072 2678 ἄκρων
1091 2595 1157 2656 ἴσον
1171 2608 1199 2648 25

153 2675 173 2772 ᾖ
197 2692 236 2771 τῷ
259 2685 318 2747 ὑπὸ
341 2659 399 2747 τΘν
424 2683 530 2766 μέσων,
552 2687 587 2747 αῖ
605 2686 739 2768 τέσσαρες
758 2686 873 2747 εὐθεῖαι
891 2683 1036 2766 ἀνάλογόν
1055 2681 1156 2763 εἰσιν]

154 2747 273 2836 &nst
254 2799 326 2854 αρα,
354 2773 394 2848 ὡς
415 2772 435 2854 ἡ
458 2779 517 2835 ΖΔ
542 2775 616 2856 πρὸς
638 2779 716 2852 ΔΗ,
745 2771 878 2847 οὕτωςε
860 2799 880 2854 η
904 2777 975 2834 AH
996 2772 1070 2855 πρὸς
1093 2775 1156 2834 ΓΖ.

154 2858 216 2924 ἀλλ’
237 2861 277 2935 ὡς
299 2860 319 2942 ἡ
342 2867 401 2923 ΖΔ
428 2863 502 2944 πρὸς
524 2868 602 2944 ΔΗ,
630 2865 722 2937 οὕτως
750 2861 769 2942 ἡ
793 2867 852 2923 ΖΓ
873 2862 947 2945 πρὸς
970 2866 1039 2942 ΓΒ,
1065 2858 1156 2940 καὶὴ

153 2956 212 3012 ΒΑ
234 2951 308 3033 πρὸς
330 2953 404 3013 ΑΗ.
456 2951 666 3034 [τρνγώνον
634 2977 690 3034 γαρ
712 2963 764 3014 τοῦ
787 2956 886 3012 ΖΔΗ
907 2951 985 3031 παρὰ
1009 2907 1079 3031 μλνν
1102 2947 1156 3030 μὲν

152 3039 207 3118 τὴν
229 3045 297 3101 ΔΗ
314 3034 400 3121 ἦκται
422 3037 441 3118 ἡ
464 3045 530 3121 ΓΒ,
552 3040 630 3123 παρὰ
654 3039 685 3102 δὲ
707 3041 761 3120 τὴν
784 3045 841 3101 ΔΖ
867 3037 887 3120 ἡ
910 3039 991 3116 ΑΒ].
1036 3038 1076 3113 ὡς
1099 3037 1156 3120 ἄρα
1170 3053 1197 3092 30

152 3126 172 3208 ἡ
195 3133 254 3190 ΒΑ
276 3130 350 3211 πρὸς
367 3134 444 3209 ΑΗ,
466 3131 560 3203 οὕτως
582 3127 601 3209 ἡ
624 3134 696 3190 ΑΗ
712 3129 786 3211 πρὸς
805 3133 870 3210 ΓΖ,
891 3129 941 3192 καλ
962 3126 982 3208 ἡ
1004 3132 1058 3189 ΓΖ
1081 3127 1156 3208 πρὸς

152 3222 215 3278 ΓΒ.
251 3228 309 3280 τῶν
332 3217 389 3300 ἄρα
409 3222 479 3298 ΑΒ,
496 3222 555 3280 ΒΓ
574 3217 659 3296 μέσαι
680 3217 825 3300 ἀνάλογόν
848 3219 922 3280 εἰσιν
944 3219 978 3279 αλ
997 3221 1074 3297 ΑΗ,
1091 3221 1154 3277 ΓΖ.

153 3304 237 3389 [ὅπερ
261 3307 319 3370 ἔδει
341 3307 464 3386 εὑρεῖν]

89 3614 153 3630 1*
