2602 3874
171 217 235 281 288
320 217 479 268 HERONIS
497 215 788 268 MEGHANIGORUM
805 214 1031 266 FRAGMENTA.

172 379 305 462 σκευήν]
327 381 490 462 υοήσομεν
508 377 545 442 τὸ
563 374 638 463 περὶ
652 377 712 441 τὸν
726 373 828 454 άξονα
841 375 1015 459 τύμπανον
1029 373 1184 439 ὠδοντωη

172 483 275 570 μένον
307 479 406 568 εἶναι,
438 486 575 569 κοχλίαν
606 482 647 548 δέ
675 507 749 548 τινα
778 487 1001 568 παρακεῖσθαι
1027 487 1073 570 τῷ
1100 503 1184 565 τυμ-

173 593 266 679 πάνφ
294 593 367 674 ήτοι
394 591 502 677 ὀρθὸν
527 593 678 674 κείμενον
700 590 782 676 πρὸς
804 589 841 653 τὸ
866 589 990 673 ἔδαφος
1011 586 1032 670 ή
1055 585 1184 672 παράλ-

174 702 276 782 ληλον
298 704 345 786 τῷ
367 696 483 782 ἐδάφει
506 700 623 782 έχοντα
645 699 706 781 τήν
727 692 787 781 μὲν
805 693 898 762 ἕλικα
917 690 1184 779 ἐμπεπλεγμένην

173 815 244 882 τοῖς
266 805 383 870 ὀδοῦσι
405 813 465 870 τοῦ
488 805 671 888 τυμπάνου,
693 804 734 868 τὰ
752 799 789 868 δὲ
808 805 892 888 άκρα
910 801 947 868 έν
964 801 1185 888 στρογγύλοις
1214 819 1227 858 ⁵

174 913 337 997 τρήμασιν
363 913 570 994 πολευόμενα
596 912 633 975 έν
659 926 747 974 τισιν
770 911 1004 993 διαπήγμασιν,
1030 907 1184 991 καθάπερ

175 1014 230 1082 καὶ
260 1020 466 1103 προείρηται,
497 1015 553 1081 καὶ
583 1016 747 1102 ὑπεροχῆς
774 1017 876 1100 ούσης
903 1023 962 1080 τοῦ
990 1016 1095 1100 άκρου
1121 1021 1185 1077 τοῦ

175 1126 312 1208 κοχλίου
346 1125 394 1200 είς
424 1124 461 1188 τὸ
493 1122 584 1200 ἐκτὸς
614 1131 675 1188 τοῦ
707 1124 931 1208 διαπήγματος
961 1119 1073 1207 μέρος,
1109 1121 1185 1202 ήτοι

176 1231 374 1317 χειρολάβην
396 1231 471 1296 τινὰ
493 1235 710 1316 περικεῖσθαι,
733 1227 779 1294 δι’
803 1224 842 1312 ἧς
865 1228 1141 1314 έπιστραφήσεται
1164 1223 1184 1291 δ

176 1339 319 1421 κοχλίας,
332 1335 352 1419 ή
367 1339 523 1423 τρήματα,
538 1337 621 1402 ὥστε
634 1341 805 1401 σκυταλῶυ
820 1334 1049 1420 έμβληθεισῶν
1063 1332 1185 1416 ὁμοίως
1201 1353 1228 1392 10

111 1514 113 1517 f
178 1441 435 1528 ἐπιστρέφεσθαι
462 1439 573 1507 αὐτόν.
618 1444 719 1508 πάλιν
747 1437 809 1507 οὖν
836 1443 876 1506 τδι
899 1440 935 1506 ἐκ
957 1447 1017 1506 τού
1040 1439 1185 1525 φορτίου

99 1569 151 1607 1180
178 1547 263 1614 ὅπλα
288 1547 292 1636 A
316 1547 549 1636 περιβαλόντες
575 1547 650 1634 περὶ
677 1550 736 1614 τὸν
763 1546 863 1626 ἄξονα
886 1545 939 1631 ἐφ’
965 1544 1101 1632 ἑκάτερα
1123 1551 1184 1610 τοτ’

178 1657 350 1740 τυμπάνου
378 1653 433 1720 καί
460 1654 712 1742 ἐπιστρέφοντες
739 1657 798 1720 τὸν
820 1657 967 1739 κοχλίαν,
995 1650 1040 1718 δι’
1066 1647 1107 1717 οὗ
1128 1648 1185 1714 καὶ

178 1763 215 1826 τὸ
248 1760 486 1845 ὠδοντωμένον
512 1763 699 1846 τύμπανον,
732 1760 980 1844 ἐπισπασάμεθα
1007 1759 1045 1824 τὸ
1072 1757 1184 1843 βάρος.

593 1989 638 2075 11,
663 1991 680 2053 ι
705 1991 774 2056 ωτι.

268 2116 317 2180 Ac
338 2111 399 2198 μὲν
422 2111 484 2181 οὖν
506 2113 704 2180 κατασκευαὶ
726 2112 780 2179 καί
804 2115 838 2178 αἱ
860 2115 993 2200 χρήσεις
1014 2122 1083 2178 τῶν
1104 2132 1185 2197 προ·
1200 2129 1225 2170 1⁶

181 2220 362 2308 ειρημένωυ
389 2220 486 2286 πέντε
510 2222 685 2306 δυνάμεων
708 2221 919 2304 δεδήλωνται.
964 2223 1014 2296 τίς
1037 2217 1077 2284 δέ
1096 2217 1186 2283 ἐστιν

181 2329 201 2412 ἡ
224 2331 322 2412 αίτία,
346 2325 389 2392 δι’
416 2329 459 2412 ἣν
482 2326 525 2392 δι’
553 2327 688 2411 ἑκάστης
711 2327 822 2392 αὐτῶν
839 2325 964 2411 μεγάλα
982 2325 1067 2412 βάρη
1086 2336 1187 2390 κινεῖ-

180 2458 234 2499 ται
257 2442 358 2522 μικρᾷ
373 2435 561 2500 παντάπασι
579 2433 729 2518 δυνάμει,
743 2432 859 2520 Ἥρων
877 2429 1046 2510 ἀπέδειξεν
1064 2430 1101 2497 ἐν
1118 2444 1188 2510 τοῖς

77 2560 161 2610 mod
184 2545 397 2626 Μηχανικοῑς.

623 2681 668 2766 11,
694 2682 743 2748 18.

78 2827 163 2877 1114.4
272 2810 444 2893 ...δῆλον
466 2808 511 2884 ὡς
532 2805 609 2872 καθ’
638 2805 777 2890 ἑκάστην
800 2807 949 2892 στροφήν
971 2814 1030 2872 τοῦ
1051 2806 1187 2890 κοχλίου
1201 2822 1226 2861 ²⁰

183 2907 230 2993 εἷς
264 2916 365 2994 ὀδοὺς
396 2913 452 3003 (sc.
483 2923 543 2980 τοῦ
574 2913 747 2998 τυμπάνου
779 2910 1017 2997 ὠδοντωμένου
1048 2912 1188 2977 ὀδοῦσιν

184 3019 306 3108 λοξοῖς)
327 3024 618 3108 παρενεχθήσεται·
641 3029 740 3085 τοῦτο
759 3021 821 3107 γὰρ
832 3017 948 3105 Ἥρων
965 3016 1134 3096 ἀπέδειξεν
1152 3016 1188 3082 ἐν
1293 3063 1297 3080 ι

184 3141 253 3206 τοῖς
280 3132 501 3214 Μηχανικολς,
534 3130 737 3216 γραφήσεται
765 3122 802 3191 δέ
829 3123 884 3191 καὶ
910 3124 968 3209 ὑφ’
1000 3123 1104 3209 ήμῶν,
1133 3125 1188 3189 ἳνα
1296 3157 1297 3170 ¹

184 3231 288 3321 μηδὲν
311 3233 435 3312 ἔξωθεν
458 3234 664 3320 έπιζητῶμεν.
1296 3297 1297 3328 ρ

91 3341 93 3346 ’
273 3343 430 3407 Νοείσθω
457 3343 519 3428 γάρ
542 3343 675 3426 κοχλίας
698 3340 716 3408 ὁ
740 3344 821 3424 ΑΒ,
848 3338 868 3422 ή
892 3334 930 3403 δὲ
952 3337 989 3404 ἐν
1011 3337 1100 3426 αὐτῷ
1124 3333 1188 3417 ἕλιξ
1202 3351 1228 3392 ²⁶
1296 3343 1297 3414 g

259 3598 291 3646 12
310 3584 506 3662 περιλαβόντες
523 3587 556 3657 Α,
575 3603 642 3642 corr.
663 3586 788 3658 Scaliger
