2602 3874
137 215 203 280 276
288 216 446 268 HEBONIS
464 215 756 268 »fflcnfflcossuu
773 213 999 265 FRAGMENTA.

137 380 282 464 φορτίου
306 375 493 442 ἐπικείσθαι
511 383 557 464 τῷ
576 374 703 459 ἐδάφει,
725 372 950 460 ὑπορύξαντες
967 376 1074 460 βραχύ
1092 373 1149 439 καὶ

138 482 242 562 ξύλου
269 492 398 570 μακροῦ
422 483 460 549 τὸ
483 485 588 569 ἄκρον
609 482 835 565 ὑποβαλόντες
857 481 923 546 ὑπὸ
946 481 984 546 τὸ
1007 483 1151 568 φορτίον

138 600 285 675 κατῆγον
316 589 352 655 ἐκ
382 597 443 655 τοῦ
474 587 589 676 ἑτέρου
621 591 741 675 άκρον,
771 586 957 666 ὑποθέντες
987 597 1033 676 τῷ
1060 586 1150 677 ξύλφ

138 695 215 784 παρ’
239 696 320 762 αὐτὸ
339 699 376 762 τὸ
395 699 538 782 φορτίον
555 698 667 778 λίθον,
686 695 760 780 ὃὺῆ
774 699 920 760 καλεῖται
933 695 1150 780 ὑπομόχλιον.

141 1769 304 1850 φανείσης
323 1763 352 1830 θ’
372 1767 486 1844 αὐτοῖς
499 1775 557 1851 τῆς
570 1770 731 1851 κινήσεως
745 1766 834 1830 πάνυ
849 1765 993 1830 εύκόπον
1007 1764 1152 1850 ἐνόησαν
1180 1785 1194 1825 5

142 1872 193 1937 ὅτι
222 1873 367 1938 δυνατὸν
393 1880 562 1938 κινεῖσθαι
589 1873 715 1957 μεγάλα
740 1873 826 1959 βάρη
855 1873 911 1937 ὑιά
937 1880 997 1938 τοῦ
1024 1875 1151 1958 τρόπον

141 1980 271 2045 τούτου.
312 1984 459 2045 καλεῖται
479 1976 516 2045 ὑλ
533 1980 571 2044 τὸ
591 1977 693 2057 ξύλον
710 1981 842 2064 μοχλός,
861 1985 926 2043 είτε
943 1980 1152 2066 τετράγωνον

142 2091 192 2170 είη
217 2092 283 2151 είτε
301 2089 518 2174 στρογγύλον.
556 2087 622 2174 ὑσφ
642 2084 671 2150 δ’
694 2085 737 2151 ἂν
755 2085 919 2171 ἐγγυτέρω
938 2093 1072 2170 τιθῆται
1089 2095 1152 2152 τοῦ

143 2195 285 2279 φορτίου
304 2195 341 2258 τὸ
360 2194 575 2278 ὑπομίχλιον,
596 2194 742 2281 τοσούτφ
762 2191 995 2278 εὐχερέστερον
1011 2202 1152 2258 κινεῖται

142 2300 179 2365 τὸ
201 2300 314 2386 βάρος,
338 2301 383 2377 ὡς
406 2298 478 2384 ἑξῆς
501 2300 722 2384 δειχθήσεται.
1167 2320 1195 2358 10

599 2485 645 2570 II,
669 2488 698 2551 3.

222 2609 340 2676 Ἔστιν
358 2607 396 2676 ὑλ
414 2609 433 2692 ἡ
452 2613 544 2696 τρίτη
565 2611 707 2694 δύναμις
724 2611 745 2694 ἡ
762 2611 844 2675 κατά
857 2611 895 2676 τὸ
908 2611 1153 2676 πολύσπαστον.

144 2717 225 2783 ὅταν
243 2719 307 2803 γάρ
320 2717 522 2800 βουλοίμεθά
535 2739 567 2780 τι
581 2718 684 2801 βάρος
698 2715 817 2802 ἕλκειν,
836 2716 1012 2795 ἐξάψαντες
1026 2717 1131 2782 ὅπλον
1147 2714 1152 2805 Ι

66 2844 118 2884 ιιεο
146 2823 177 2902 ἐξ
209 2824 313 2889 αὑτοῦ
346 2822 562 2907 ἐπιστάμεθα
591 2824 733 2908 τοσαύτη
760 2825 832 2911 βία,
864 2823 924 2907 ὑση
952 2833 998 2911 τῷ
1026 2825 1154 2912 φορτίφ

146 2932 326 3017 ἰσόρροπός
354 2929 453 2996 ἐστιν.
499 2927 558 2995 ἐάν
586 2925 623 2994 δέ
651 2927 846 3007 ἑλκύσαντες
869 2928 905 2994 ἐκ
927 2939 988 2995 τοῦ
1011 2932 1154 3016 φορτίου

145 3037 182 3102 τὸ
215 3035 320 3102 ὅπλον
351 3038 412 3121 την
443 3032 505 3121 μὲν
531 3038 612 3120 μίαν
639 3036 742 3102 αὑτοῦ
770 3036 875 3123 ἀρχὴν
903 3035 1091 3121 ἐκδῆσιομεν
1118 3039 1156 3102 ἑκ
1170 3063 1198 3103 15

145 3166 238 3221 τινος
266 3127 430 3228 μένοντος
453 3145 592 3230 χωρίου,
623 3145 685 3227 τῆν
712 3139 750 3208 δὲ
777 3141 892 3228 ἑτέραν
918 3144 1072 3228 βάλωμεν
1099 3143 1157 3210 διὰ

146 3253 301 3337 τροχίλον
326 3249 541 3334 ἐκὺεὑεμένον
565 3249 600 3315 ἐκ
622 3259 682 3315 τοῦ
706 3252 848 3336 φορτίου
872 3248 928 3315 καὶ
945 3251 1069 3334 ταύτην
1087 3249 1156 3315 ἐπι-

147 3359 320 3444 στάμεθα,
342 3354 574 3442 εὐχερέστερον
596 3360 775 3442 κινήσομεν
793 3359 830 3422 τὸ
848 3358 959 3444 βάρος.
999 3358 1100 3422 πάλιν
1118 3354 1156 3422 δὲ

219 3522 235 3570 8
258 3515 277 3570 f.
297 3517 340 3584 εἴη
363 3513 417 3569 del.
437 3515 469 3567 ut
487 3529 521 3567 ex
539 3512 734 3582 dittographia
752 3516 844 3568 ortum
934 3520 967 3568 14
991 3508 1156 3576 ἑλκύσαντες

148 3589 320 3658 suspectum:
338 3586 358 3641 f.
377 3585 547 3647 ἐκλύσαντες.
575 3583 610 3638 of.
628 3583 703 3637 infra
719 3603 746 3654 p.
762 3590 822 3655 298,
838 3591 879 3640 12.
896 3591 936 3640 18.
