2602 3874
148 227 213 290 272
297 227 456 279 HERONIS
473 227 765 279 MEOHANIGORUM
782 227 1008 280 FRAGMENTA.
1074 225 1077 231 ’

481 500 484 504 ,
603 437 649 525 11,
674 443 702 505 1.

243 569 393 630 Τοσαῦτα
419 553 481 650 μὲν
508 561 571 630 οὖν
597 564 672 652 περὶ
699 573 760 630 τοῦ
785 569 997 651 Βαρουλκοῦ,
1024 575 1092 630 τῶν
1120 563 1159 630 δὲ

150 671 398 758 προειρημένων
427 669 456 736 ε’
487 672 663 756 δυνάμεων
690 670 725 736 έκ
752 683 820 736 τῶν
837 669 991 757 Ἧρωνος
1017 673 1079 756 τὴν
1106 675 1158 737 ἔκ-

72 797 123 838 1116
150 787 249 846 θεσιν
268 780 272 862 Ι
294 777 535 864 έπιτομώτερον
556 780 765 862 ποιησόμεθα
782 776 866 863 πρὸς
883 777 1073 863 ὑπόμνησιν
1090 789 1159 844 τῶν

151 885 435 970 φιλομαθούντων
469 882 673 970 προσθέντες
710 887 757 949 ἔτι
793 883 849 949 καὶ
879 885 962 968 <τά>
993 883 1069 971 περὶ
1100 895 1160 970 τῆς

151 993 346 1076 μονοκώλου
369 989 425 1056 καὶ
449 992 593 1056 δικώλου
616 989 671 1056 καὶ
694 992 858 1076 τρικώλου
876 989 932 1056 καὶ
950 993 1159 1078 τετρακώλου
1189 1008 1201 1048 ⁵

151 1107 298 1183 μηχανῆς
316 1097 500 1181 ἀναγκαίως
518 1099 689 1182 λεγόμενα,
708 1100 752 1182 μη
770 1119 850 1163 ποτε
867 1096 923 1162 καὶ
937 1108 1004 1164 τῶν
1017 1101 1160 1181 βιβλίων

153 1205 190 1270 ἐν
217 1196 268 1282 οἷς
293 1213 397 1269 ταῦτα
423 1203 602 1290 γέγραπται
630 1203 752 1290 ἀπορία
774 1203 906 1288 γένηται
929 1212 975 1292 τῷ
999 1208 1160 1288 ζητοῦντι.

152 1309 207 1376 καὶ
239 1312 301 1397 γάρ
333 1311 426 1395 ἡμεῖς
452 1311 534 1375 κατά
560 1311 666 1376 πολλά
692 1309 774 1397 μέρη
802 1309 1064 1396 διεφθαρμένοις
1091 1310 1161 1376 ένε-

152 1419 295 1503 τύχομεν
318 1416 474 1502 ἀνάρχοις
496 1440 531 1481 τε
553 1415 608 1482 καλ
632 1415 764 1482 ἀτελέσι
781 1419 934 1499 βιβλίοις.

243 1522 349 1588 Πέντε
376 1527 494 1588 τοίνυν
520 1523 631 1588 ούσῦν
654 1524 829 1606 δυνάμεων
852 1521 895 1587 δι’
923 1518 972 1589 ὧν
993 1525 1030 1589 τὸ
1055 1521 1161 1590 δοθὲν
1177 1541 1204 1580 10
1298 1561 1299 1598 3

153 1631 255 1717 βάρος
277 1641 316 1716 τῇ
340 1631 479 1715 δοθείσῃ
502 1632 560 1715 βίᾳ
581 1639 731 1714 κινεῖται,
755 1629 938 1713 ἀναγκαῖόν
960 1629 1051 1695 ἐστιν
1068 1631 1108 1695 τά
1125 1654 1161 1695 τε

154 1739 301 1822 σχήματα
324 1735 435 1801 αὐτῶν
456 1733 512 1800 καὶ
534 1737 592 1812 τάς
614 1739 735 1822 χρείας,
759 1739 806 1801 ἔτι
829 1733 866 1800 δέ
884 1735 939 1801 καὶ
957 1738 997 1802 τά
1015 1737 1162 1821 ὀνόματα

155 1841 325 1908 ἐκθέσθαι.
373 1841 572 1908 ἀποδέδοται
601 1827 638 1907 δέ
664 1842 729 1907 ὑπὸ
757 1852 818 1908 τοῦ
836 1841 991 1929 Ἥρωνος
1016 1841 1071 1908 καὶ
1102 1846 1161 1908 Φί·

154 1954 261 2027 λωνος
292 1947 347 2014 καὶ
380 1950 467 2020 διότι
499 1949 534 2014 αλ
560 1947 795 2036 προειρημέναι
823 1950 981 2034 δυνάμεις
1008 1951 1055 2026 εἰς
1081 1953 1162 2034 μίαν

155 2057 292 2139 ἄγονται
315 2057 432 2140 φύσιν,
460 2059 567 2121 καίτοι
590 2056 679 2142 παρὰ
700 2059 787 2120 πολὺ
810 2056 1069 2122 διαλλάσσουσαι
1091 2067 1161 2136 τοις
1177 2072 1205 2113 15

156 2165 326 2247 σχήμασιν.
363 2162 509 2247 ὀνόματα
526 2159 588 2247 μὲν
606 2159 669 2228 οὖν
688 2161 779 2226 ἐστιν
795 2163 887 2226 τάδε·
911 2159 998 2240 άξων
1017 2161 1053 2228 ἐν
1070 2183 1162 2248 περι-

155 2271 291 2356 τροχίςο,
313 2271 445 2354 μοχλός,
467 2270 712 2353 πολύσπαστον,
736 2269 826 2354 σφὴν
848 2267 903 2334 καὶ
925 2269 1009 2354 πρὸς
1031 2270 1163 2346 τούτοις

157 2374 174 2440 ὁ
198 2376 402 2459 καλούμενος
424 2376 558 2461 ἀπειρος
580 2379 722 2460 κοχλίας.

241 2479 275 2546 Ὁ
297 2477 358 2565 μὲν
381 2477 444 2547 οὖν
466 2479 554 2559 ἀξων
576 2481 593 2548 δ
618 2481 655 2547 ἐν
677 2491 722 2570 τῷ
745 2485 941 2570 περιτροχίῳ
965 2483 1164 2548 κατασκευά-

157 2592 243 2668 ζεται
275 2588 388 2665 οὕτως.
438 2585 540 2664 ξύλον
570 2589 624 2654 δεῖ
647 2591 763 2672 λαβεῖν
791 2589 930 2654 εὔτονον
956 2590 1164 2675 τετράγωνον
1178 2604 1207 2644 2⁰

156 2695 307 2781 καθάπερ
329 2695 446 2760 δοκίδα
464 2693 519 2759 καὶ
537 2696 659 2760 τούτου
678 2696 718 2760 τά
736 2697 819 2782 ἀκρα
839 2696 1028 2780 σιμώσαντα
1047 2711 1165 2780 στρογ-

157 2803 242 2884 γύλα
265 2809 400 2884 ποιῆσαι
423 2799 478 2866 καί
501 2801 686 2886 χοινικίδας
707 2807 897 2887 περιθεῖναι
920 2806 1042 2886 χαλκᾶς
1063 2818 1165 2866 συνα·

133 2911 296 2993 Ιραρυιάς
323 2917 368 2996 τῷ
397 2904 504 2992 ἀξονι,
533 2909 616 2972 ὥστε
643 2907 863 2992 έμβληθείσας
890 2907 991 2986 αύτάς
1019 2909 1066 2984 εἰς
1088 2911 1165 2993 τρη-

158 3037 243 3096 ματα
279 3015 467 3100 στρογγύλα
503 3013 540 3078 ἐν
571 3013 713 3102 ἀκινήτῳ
731 3012 812 3079 -τινὶ
843 3017 987 3098 πηγματι
1020 3013 1166 3090 εύλύτως

159 3119 376 3207 στρέφεσθαι,
406 3131 473 3187 τῶν
499 3122 673 3207 τρημάτων
700 3123 823 3208 τριβεῑς
850 3125 993 3207 χαλκοῦς
1021 3119 1166 3205 ἐχόντων
1180 3137 1206 3178 2⁵

159 3273 371 3283 —-—----.--

229 3368 331 3424 Exstat
349 3368 425 3438 apud
442 3367 529 3438 Papp.
545 3368 616 3437 VIII,
637 3373 705 3422 1114
716 3385 775 3436 sqq.

230 3464 248 3512 4
266 3456 301 3512 τὰ
319 3457 384 3512 εδδ.
399 3456 444 3511 Hu
498 3462 514 3510 6
533 3455 688 3527 λεγομένων
701 3457 727 3510 Α
743 3459 787 3528 (--
798 3455 926 3511 vatican.
941 3473 981 3526 gr.
998 3461 1049 3509 218
1064 3471 1085 3508 s.
1096 3453 1167 3523 XII),

161 3545 227 3584 corr.
243 3529 288 3582 Hu
346 3535 384 3583 13
403 3527 575 3583 ἀποδέδοται
592 3529 629 3582 A:
648 3525 849 3583 ἀποδέδεικται
866 3527 912 3580 Hu
975 3532 1009 3581 16
1027 3525 1045 3580 f.
1061 3525 1120 3599 <δ>
1135 3521 1167 3580 έν

196 3607 228 3654 21
249 3600 406 3672 σιμύσαντα
424 3599 482 3655 Hu:
501 3599 646 3669 ἡλώσαντιι
664 3599 690 3652 Α
761 3604 795 3652 24
813 3598 832 3655 f.
848 3598 957 3672 (ὄντα)
978 3594 1008 3653 έν
