2596 3876
455 972 854 1086 ΚΑΤΟΠΤΡΙΚΑ.

496 1128 812 1195 εεΑοΜαΝνοιι.

234 1271 367 1356 Ἐπειδὴ
387 1273 449 1357 γάρ
469 1281 566 1337 τοῦτο
581 1271 836 1356 ὡμολογημένον
855 1270 924 1336 ἐστὶ
942 1273 1031 1357 παρὰ
1049 1282 1164 1357 πᾶσιν,

151 1381 201 1446 ὅτι
225 1375 325 1445 οὐδέν
347 1380 453 1463 μάτην
477 1377 642 1464 ἐργάζεται
666 1378 812 1462 ἡφύσις
834 1375 912 1442 οὐδὲ
935 1389 1164 1463 ματαιοπονεῖ,

150 1485 208 1552 ἐάν
231 1486 275 1570 μὴ
299 1486 456 1569 δώσομεν
477 1486 560 1566 πρὸς
583 1491 656 1560 ἴσας
678 1488 801 1568 γωνίας
819 1487 977 1568 γίνεσθαι
999 1486 1059 1568 τὴν
1083 1484 1164 1550 άνά-
1192 1504 1206 1545 ι

149 1599 278 1676 κλασιν,
305 1593 388 1678 πρὸς
417 1590 554 1668 ἀνίσους
576 1603 792 1675 ματαιοπονεῖ
817 1591 837 1675 ἡ
865 1593 976 1675 φύσις,
1004 1589 1058 1656 καὶ
1087 1591 1163 1656 άντὶ

149 1709 210 1764 τοῦ
238 1700 294 1764 διά
321 1701 485 1784 βραχείας·
502 1699 661 1783 περιόδου
690 1698 819 1782 φθάσαι
846 1698 884 1762 τὸ
899 1697 1077 1783 Ιὁρεόμενον
1099 1701 1163 1783 τὴν

150 1807 245 1889 όψιν,
283 1806 345 1870 διά,
372 1814 499 1891 μακράς
531 1805 688 1890 περιόδου
720 1813 818 1868 τοῦτο
851 1805 1033 1888 φανήσεται
1064 1829 1162 1870 κατα-

151 1913 373 1996 λαμβάνουσα.
416 1911 655 1998 εὑρεθήσονται
673 1911 736 1998 γάρ
756 1912 790 1975 αἱ
809 1912 866 1987 τάς
885 1910 1021 1987 ἀνίσους
1038 1914 1162 1993 γωνίας

149 2018 357 2104 περιέχουσαι
390 2017 536 2102 εὐθεῖαι,
573 2019 694 2094 αἵτινες
726 2017 789 2081 άπὸ
826 2027 883 2101 τῆς
915 2021 1021 2095 ὄφεως
1058 2017 1162 2103 [περι-
1176 2037 1204 2076 ιο

150 2124 296 2209 ἔχουσαι]
320 2123 522 2210 ιφερομένας
544 2125 626 2210 πρὸς
645 2125 681 2188 τὸ
700 2124 884 2209 κάτοπτρον
902 2123 1057 2189 κάκεῖθεν
1078 2127 1162 2210 πρὸς

149 2233 186 2295 τὸ
220 2231 404 2318 ὁρώμενον,
436 2234 580 2315 μείζονες
617 2226 713 2295 οὖσαι
741 2241 808 2294 τῶν
840 2232 898 2306 τάς
930 2237 1003 2306 ἴσας
1039 2235 1162 2314 γωνίας

148 2349 372 2424 περιεχουσῶν
400 2338 550 2403 εὐθειῶν.
601 2335 656 2402 καὶ
684 2337 734 2401 ότι
761 2321 867 2402 τοῦτοΙ
887 2336 1025 2420 ἀληθές,
1058 2339 1161 2421 δῆλον

150 2444 317 2509 ἐντεῦθεν.
1139 2458 1140 2462 ’

234 2551 437 2616 Ἳποκείσθω
466 2550 528 2636 γάρ
556 2551 593 2614 τὸ
621 2551 806 2636 κάτοπτρον
829 2550 945 2614 εὐθεῖά
968 2574 1017 2628 τις
1039 2549 1059 2633 ἡ
1084 2554 1200 2634 AB,1⁵

149 2657 204 2723 καὶ
232 2661 314 2722 ε”στω
342 2658 378 2721 τὸ
406 2653 467 2742 μὲν
494 2656 644 2742 ὁρῶνΓ,
672 2657 710 2720 τὸ
739 2654 771 2720 δ’
796 2655 966 2742 ὁρώμενον
993 2658 1030 2722 τὸ
1053 2663 1096 2741 A,
1122 2659 1159 2722 τὸ

150 2761 186 2828 δὲ
209 2768 241 2828 Ε
268 2773 404 2847 σημεῖον
430 2771 490 2827 τοῦ
515 2765 715 2849 κατόπτρου,
749 2761 784 2827 έν
812 2753 839 2850 ᾦ
865 2767 1117 2848 προσπίπτουσα
1139 2763 1159 2846 ἡ

150 2871 226 2948 όφις
241 2869 419 2934 ἀνακλᾶται
436 2870 519 2956 πρὸς
537 2870 574 2933 τὸ
594 2869 774 2955 δρώμενον,
794 2871 888 2952 ἔστω,
907 2868 961 2934 καὶ
977 2869 1159 2955 ἐπεζεύχθω

152 3014 364 3022 -——-—-—.—

220 3095 321 3149 Exstat
339 3097 415 3166 apud
434 3095 591 3166 Olympiod.
608 3097 638 3150 in
656 3097 770 3152 Meteor.
785 3097 831 3165 ΙΠ,
846 3102 862 3150 2
882 3097 924 3152 ed.
941 3097 1026 3152 Stfive
1045 3096 1158 3168 (Comm.

149 3166 234 3221 An'st.
254 3166 313 3235 XII,
334 3173 358 3237 2,
379 3173 438 3235 212,
458 3173 580 3236 5-213,
601 3171 658 3238 20),
677 3169 719 3223 ed.
739 3167 829 3221 Ideler
847 3168 880 3235 Π,
900 3174 933 3222 96
1009 3174 1027 3220 4
1046 3187 1160 3238 ματαιο-

148 3247 232 3294 πονεῖ
248 3237 371 3294 Ald.Id.:
391 3246 572 3308 ματαιοποιεῐ
586 3239 619 3294 R.
635 3239 759 3294 Schoene
820 3244 835 3292 5
855 3239 980 3306 δώσομεν
998 3239 1071 3307 Alci„
1091 3255 1159 3293 corr.

149 3310 181 3364 R.
203 3309 334 3364 Schoene.
381 3309 416 3364 de
439 3310 536 3365 aoristi
557 3309 647 3365 forma
676 3310 710 3364 cf.
731 3310 832 3365 Veitoh
857 3310 941 3364 Greek
963 3311 1039 3366 verbs
1061 3329 1088 3380 p.
1110 3315 1160 3364 169

185 3387 262 3436 8-9
290 3380 543 3454 καταλαμβάνουσα
572 3381 626 3436 del.
649 3381 741 3436 Ideler
838 3385 871 3434 10
898 3379 1078 3450 περιέχουσαι
1106 3380 1159 3437 del.

149 3453 182 3508 R.
207 3453 331 3508 Schoene
378 3485 380 3492 s
422 3459 454 3506 11
475 3450 631 3524 φερομένας
652 3452 777 3508 Ald.Id.:
813 3449 947 3520 φέρονται
970 3452 1002 3505 R.
1023 3451 1159 3506 Schoene:

149 3523 168 3578 f.
188 3523 285 3598 (εἰσι)
309 3523 463 3596 φερόμεναι
551 3525 621 3593 πρὸς
640 3524 704 3594 (bis)
727 3523 759 3578 R.
779 3523 914 3577 Schoene:
943 3522 1007 3592 περὶ
1031 3521 1111 3577 codd.
1132 3525 1160 3576 et

149 3595 254 3650 Aldina
326 3603 358 3650 16
379 3597 433 3668 [τὸ]
454 3603 478 3650 Δ
496 3595 587 3649 Ideler
