2596 3876
171 224 235 288 382
409 225 572 278 ursuvn
588 226 638 274 ns
656 225 941 276 incensorum.

170 388 210 452 ad
234 387 342 468 imum,
366 408 404 450 ex
427 386 577 450 interiore
599 388 690 469 parte
712 388 745 448 et
767 407 824 467 per
847 384 1002 449 secundos
1021 384 1184 449 orbiculos

169 493 379 557 traducuntur
401 493 435 556 in
454 497 630 557 extremum
653 496 685 555 et
702 492 884 556 referuntur
906 491 941 555 in
959 513 1119 556 summum
1144 492 1185 555 ad
1291 473 1292 478 ἵ

171 598 331 664 orbiculos
355 600 518 683 secundos,
545 599 671 664 traiecti
698 599 833 664 redeunt
855 598 894 662 ad
918 599 1027 681 imum,
1055 620 1094 662 ex
1117 598 1184 662 imo

169 707 350 770 referrmtur
376 706 416 769 ad
443 710 547 789 caput,
577 705 702 770 traiecti
729 727 787 788 per
814 727 955 770 summos
982 705 1115 770 redeunt
1144 705 1185 768 ad

170 812 350 876 machinam
369 813 474 876 imam.
512 813 546 875 in
563 812 668 876 radice
689 814 796 875 autem
815 811 980 875 machinae
999 809 1186 875 conlocatur
1212 828 1225 868 ⁵
1291 861 1293 900 ς

170 919 265 983 tertia
295 917 422 982 troclea.
481 941 552 982 eam
584 921 690 981 autem
723 915 834 984 Graeci
866 916 1044 1000 ἐπάγοντα,
1080 919 1185 982 nostri
1291 907 1293 964 ἶ

170 1029 365 1089 artemonem
384 1024 554 1109 appellant.
596 1046 633 1087 ea
650 1023 770 1087 troclea
787 1023 942 1108 religatur
959 1023 999 1087 ad
1018 1023 1185 1088 machinae
1292 1051 1293 1092 r

169 1133 308 1196 radicem
330 1131 451 1196 habens
475 1130 635 1196 orbiculos
658 1134 731 1213 tres,
759 1152 816 1214 per
840 1152 920 1214 quoa
942 1131 1067 1195 traiecti
1089 1131 1184 1194 funes
1292 1119 1293 1150 ³

169 1239 339 1303 traduntur
365 1238 550 1302 hominibus
578 1237 618 1300 ad
646 1237 832 1304 ducendum.
886 1237 932 1300 ita
963 1241 1027 1302 tres
1056 1237 1183 1301 ordines

170 1345 337 1410 hominnm
361 1345 510 1410 ducentes
538 1345 606 1408 sine
629 1347 739 1428 ergata
761 1343 904 1407 celeriter
932 1365 1012 1408 onus
1036 1343 1076 1406 ad
1099 1361 1226 1407 sum-10

118 1459 156 1515 10
170 1475 258 1516 mum
294 1452 479 1536 perducunt.
538 1451 601 1515 hoc
636 1472 736 1536 genus
773 1449 938 1514 machinae
972 1449 1182 1534 polyspaston

171 1557 358 1642 appellatur,
382 1558 468 1640 quod
488 1557 598 1621 multis
617 1555 833 1621 orbiculorum
852 1556 1126 1621 circumitionibus
1151 1563 1183 1622 et

169 1665 356 1730 facilitatem
375 1686 531 1728 summam
549 1667 690 1747 praestat
708 1666 741 1726 et
759 1663 961 1730 celeritatem.
992 1685 1057 1727 una
1075 1668 1182 1728 autem

171 1773 302 1836 statutio
330 1771 414 1856 tigni
440 1771 523 1835 hano
544 1770 642 1834 habet
664 1769 846 1854 utilitatem,
874 1769 959 1852 quod
987 1773 1060 1834 ante
1084 1792 1182 1854 quan-

169 1882 239 1943 tum
266 1878 345 1944 velit
371 1882 403 1942 et
431 1878 541 1942 dextra
566 1899 602 1942 ac
630 1877 758 1941 sinistra
786 1875 825 1940 ab
849 1875 947 1940 latere
972 1876 1182 1960 proclinando
1196 1892 1224 1932 1⁵

170 2007 251 2049 onus
275 1985 431 2068 deponere
454 1988 568 2070 potest.
964 1991 965 1996 ’

571 2179 610 2261 X,
630 2178 660 2260 3,
681 2177 774 2241 1-5.

134 2323 143 2347 ⁴
172 2309 174 2316 ’
258 2305 307 2368 De
338 2306 497 2370 tractoriis
529 2303 707 2367 rationibus
745 2325 825 2386 quae
856 2303 1034 2368 necessaria
1068 2305 1182 2386 putavi

169 2411 308 2476 breviter
330 2412 471 2496 exposui.
517 2431 652 2492 quarum
679 2412 786 2473 motus
814 2414 846 2472 et
868 2409 997 2474 virtutis
1027 2408 1182 2474 duceres

170 2517 311 2584 diversae
334 2522 366 2582 et
384 2518 468 2582 inter
486 2538 519 2580 se
538 2514 708 2579 dissimiles
727 2519 937 2600 congruentes
955 2515 1005 2578 uti
1022 2515 1183 2599 principia
1196 2531 1224 2571 2⁰

169 2625 299 2708 pariunt
313 2645 367 2688 eos
380 2623 549 2707 perfectus,
562 2645 627 2686 una
641 2623 788 2706 porrecti,
808 2644 903 2706 quam
918 2620 1028 2685 Graeci
1042 2621 1182 2686 εὐθεῖαν

168 2731 324 2814 vocitant,
357 2729 456 2794 altera
486 2729 707 2812 rotunditatis,
740 2751 836 2812 quam
866 2726 977 2792 Graeci
1009 2729 1181 2812 κυκλωτὴν

169 2837 340 2922 appellant,
369 2836 424 2901 sed
445 2858 519 2900 vere
540 2859 644 2921 neque
668 2837 736 2900 sine
758 2834 955 2899 rotunditate
978 2838 1084 2899 motus
1107 2856 1181 2918 por·

167 2944 247 3008 recti
276 2965 335 3008 nec
364 2944 432 3010 sine
459 2947 606 3027 porrecto
632 2943 801 3008 rotationis
824 2942 1019 3006 versationes
1047 2963 1180 3006 onerum

168 3053 304 3133 possunt
332 3051 435 3114 facere
465 3049 649 3114 levationes.
703 3049 737 3111 id
769 3052 874 3112 autem
906 3052 943 3112 ut
975 3047 1181 3134 intellegatur
1195 3063 1221 3104 2⁵

132 3162 334 3240 terponam.
384 3157 578 3222 inducuntur
604 3156 653 3218 uti
681 3157 788 3219 centra
815 3153 931 3218 axiculi
961 3154 995 3218 in
1018 3152 1179 3219 orbiculos

241 3355 273 3403 13
292 3351 312 3417 f.
332 3349 414 3403 unius

168 3599 233 3654 Rau
241 3531 267 3599 1)
285 3527 471 3600 Polyspaston
489 3525 575 3581 beisst
588 3525 707 3598 Vielzug
726 3525 752 3578 d.
767 3523 793 3578 b.
809 3521 1000 3592 Flasohenzug
1017 3521 1071 3575 mit
1084 3520 1177 3575 vielen

236 3615 277 3653 an.
727 3620 730 3626 ·
