2602 3874
146 214 211 279 260
295 216 453 268 HERONIS
470 215 761 267 MEGHANICORUM
778 217 1022 270 FRAGMENTA.

145 375 350 460 ὑπεθέμεθα,
373 379 562 459 πενταπλῆν
583 371 718 459 <εἶναι>.
759 385 862 442 ταῦτα
884 378 946 463 γάρ
971 377 1154 462 ἀπεδείχθη

147 465 184 531 ἐν
215 475 287 543 ταῖς
316 475 384 530 τῶν
415 487 431 528 ε
476 464 650 548 δυνάμεων
680 463 896 544 ἀποδείξεσιν.
947 464 1015 530 ἀλλ’
1048 465 1153 550 (οὐκ)

147 551 264 638 ἔχομέν
295 576 326 618 τι
361 554 421 636 τήν
452 553 597 664 δύναμιν
632 555 802 619 ταλάντων
838 555 1032 637 διακοσίων,
1069 553 1153 620 ἀλλὰ

147 641 251 708 πέντε.
297 640 458 725 γεγονέτω
487 641 553 706 δ”
533 664 643 728 ετερος
662 641 758 724 άξων
780 644 986 727 διακείμενος
1008 643 1153 729 <παράλ-

149 732 269 814 λήλος>
287 737 333 817 τῷ
347 733 411 795 ΕΖ
429 729 447 795 ὀ
462 733 496 793 Κ
499 733 530 794 Λ
548 733 632 816 ἔχων
652 727 802 814 συμφυὲς
816 733 988 816 τύμπανον
1001 731 1153 797 όιδοντω-
1182 751 1196 790 ε

149 819 252 903 μένον
277 819 314 883 τὸ
328 822 423 902 MN.
469 818 652 895 ὀδοντῶδες
679 816 716 884 δὲ
743 819 798 885 καί
820 821 857 885 τὸ
880 824 950 886 ΗΘ
972 821 1154 905 τύμπανον,

149 910 232 974 ὥστε
262 881 362 991 <vobs
393 907 532 984 ὀδόντας
563 907 687 991 αὐτού>
719 907 909 994 ἐναρμόζειν
938 921 1008 986 τοῖς
1035 909 1154 975 ὀδοῦσι

150 1006 211 1063 τοῦ
234 999 316 1061 ΜΝ
333 997 515 1080 τυμπάνου.
558 1019 604 1083 τω
627 992 664 1060 δέ
687 996 775 1085 αὐτῷ
798 997 892 1076 άξονι
914 1007 960 1086 τω
982 1001 1017 1062 Κ
1021 1002 1052 1062 Λ
1074 1014 1156 1082 συμ-

150 1081 216 1171 φο
218 1110 234 1161 ς
260 1085 385 1168 <ἐστω>
412 1085 583 1168 τύμπανον
609 1086 647 1150 τὸ
670 1085 733 1157 ΞΟ
757 1089 834 1170 ἕχον
856 1063 978 1171 ὁμοίως
999 1088 1061 1170 τήν
1084 1087 1156 1151 διά-

149 1198 270 1260 μετρον
301 1176 567 1238 πενταπλασίονα
598 1183 655 1258 τῆς
685 1182 745 1240 τοῦ
773 1179 855 1240 ΜΝ
881 1176 1053 1260 τυμπάνου
1082 1175 1155 1240 δια-
1169 1196 1197 1234 1⁰
1296 1219 1297 1240 ;

149 1262 381 1348 μέτρουδιὰ
407 1263 449 1345 δή
476 1271 574 1327 τοῦτο
602 1264 766 1374 δεήσει
737 1287 796 1328 τον
817 1265 1026 1348 βουλόμενον
1047 1273 1155 1329 κινεῖν

151 1353 207 1417 διά
238 1360 297 1416 τοῦ
325 1350 387 1422 ΞΟ
418 1351 590 1435 τυμπάνου
621 1352 657 1416 τὸ
685 1353 787 1438 βάρος
815 1355 903 1437 ἔχειν
929 1353 1074 1436 δύναμιν
1099 1376 1156 1418 τα-

150 1441 280 1505 λάντων
310 1437 357 1524 μ’,
390 1438 565 1553 ἐπειδήπερ
592 1451 659 1504 τῶν
687 1439 722 1505 σ’
747 1441 918 1506 ταλάντων
944 1442 981 1506 τὸ
1008 1439 1156 1524 πέμπτον

151 1528 219 1594 ἐστὶ
250 1528 394 1593 τάλαντα
424 1526 470 1612 μ.
519 1529 621 1593 πάλιν
652 1525 714 1595 ουν
744 1533 957 1643 παρακείσθω
984 1531 1156 1614 τύμπανον

151 1613 385 1684 ὀδοντωθέν”
365 1639 478 1702 ετερον
500 1618 567 1704 <τω
586 1616 669 1701 EO>
691 1619 848 1706 τυμπάνῳ
871 1617 1094 1706 ὠδοντωμένιμ
1118 1619 1155 1684 τὸ
1170 1638 1197 1677 ιε
1296 1685 1297 1710 ,

151 1797 342 1878 ἐπειλούμενα
371 1794 403 1858 δέ
426 1796 461 1858 τὰ
483 1797 516 1859 ἐκ
537 1807 590 1859 τού
612 1799 723 1880 βάρους
746 1795 762 1859 δ
785 1804 913 1860 καλεῖται
934 1799 1058 1880 φορτίον
1082 1799 1157 1860 ὅπλα

152 1887 268 1966 κινήσει
290 1885 321 1948 τδ
344 1887 442 1968 βάρος.
480 1887 530 1948 ἵνα
553 1884 584 1948 δέ
606 1893 719 1972 κινηθῇ
738 1887 769 1948 τὸ
788 1890 852 1949 ΗΘ
874 1888 1038 1968 τύμπανον,
1060 1887 1157 1967 δεήσει

153 1977 282 2056 δύναμιν
299 1981 457 2056 παρασχεῖν
476 1975 624 2037 ταλάντων
642 1981 743 2038 πλεῖον
761 1972 796 2036 π’
810 1975 859 2037 διὰ
877 1975 909 2038 τὸ
927 1976 982 2056 τήν
1001 1976 1156 2058 διάμετρον

152 2074 205 2126 τού
233 2063 387 2144 τυμπάνου
416 2072 468 2143 τῆς
490 2062 645 2147 διαμέτρου
672 2073 725 2126 τού
751 2063 857 2138 άξονος
884 2058 960 2126 εἶναι
987 2065 1155 2127 διπλασίαν·

153 2163 239 2216 τοῦτο
262 2152 317 2234 γὰρ
340 2151 527 2234 πρόβλημάέ
528 2170 591 2214 στιν
608 2151 667 2215 ὑπὸ
682 2150 818 2235 Ἥρωνος
838 2155 1028 2234 δεικνύμενον
1046 2151 1078 2214 ἐν
1095 2160 1158 2227 τοῖς
1171 2170 1198 2209 20

154 2245 353 2322 Μηχανικοῖς.
400 2239 462 2318 [καλ
484 2238 556 2302 άλλα
577 2247 696 2303 πλεῖστα
717 2241 908 2354 προβλήματα
932 2251 990 2304 τῶν
1012 2259 1158 2323 γρησιμω-

154 2331 248 2392 τάτων
270 2328 321 2391 καλ
343 2331 497 2409 βιωφελῶν
519 2329 752 2412 γέγραπταιέ]
738 2323 858 2392 ἐπεὶ
821 2355 878 2394 ουν
901 2331 956 2393 ούκ
979 2329 1080 2412 ἔχομεν
1102 2330 1159 2410 τήν

156 2420 297 2482 δοθεῖσαν
317 2419 445 2498 δύναμιν
463 2419 611 2481 ταλάντων
629 2415 674 2498 π’,
697 2418 768 2480 ἀλλὰ
786 2421 934 2482 ταλάντων
953 2417 984 2480 δ’
985 2418 1158 2501 ,γεγονέτω

154 2506 250 2590 ετερος
272 2504 351 2581 άξων
373 2509 587 2589 παρακείμενος
609 2509 791 2589 παράλληλος
813 2515 853 2594 τῷ
875 2513 934 2569 ΕΖ
957 2506 974 2569 δ
997 2512 1061 2570 ΚΛ
1084 2507 1159 2589 ἔχων

157 2593 292 2677 συμφυὲς
311 2597 467 2676 τύμπανον
480 2593 691 2676 ὀδοντωμένον
708 2595 741 2658 τό
755 2601 840 2676 ΜΝ,
858 2597 930 2658 ὥστε
947 2598 1016 2670 τούς
1034 2594 1158 2671 ὀδόντας
1173 2612 1200 2652 εε

156 2685 248 2747 αὐτοῦ
272 2683 442 2792 ἐναρμόζειν
464 2690 525 2758 τοῖς
544 2683 646 2746 ὀδοῦσι
665 2695 717 2747 τού
736 2688 800 2747 ΗΘ
822 2687 985 2766 τυμπάνου.
1021 2695 1107 2748 τούτο
1127 2684 1159 2747 δέ
1279 2679 1283 2684 ’

155 2775 276 2856 γίνεται,
301 2762 396 2835 ἐὰν
377 2799 397 2858 η
420 2771 460 2846 ὡς
482 2771 501 2852 ἡ
525 2774 678 2856 διάμετρος
700 2784 752 2836 τοῦ
775 2770 880 2855 <ΗΘ>
904 2774 1056 2855 τυμπάνου
1083 2773 1159 2855 πρδς

156 2862 211 2940 τήν
231 2863 386 2944 διάμετρον
404 2871 457 2924 τοῦ
476 2865 559 2941 ΜΝ,
583 2863 677 2936 ούτως
696 2862 728 2924 τὸ
746 2868 863 2944 πλῆθος
881 2873 939 2924 τῶν
958 2861 1088 2925 ὀδόντων
1106 2873 1159 2926 τού

156 2953 221 3012 ΗΘ
243 2950 316 3032 πρὸς
334 2950 366 3012 τὸ
385 2945 501 3030 πλῆθος
524 2960 582 3012 των
605 2949 735 3014 ὀδόντων
753 2961 805 3014 τού
824 2955 864 3012 Μ
868 2955 906 3014 Ν
943 2961 1006 3025 πῶς
1025 2949 1055 3013 δὲ
1074 2961 1159 3014 τοῦτο

156 3040 282 3121 γίνεται,
311 3038 361 3100 διδι
387 3049 445 3100 τῶν
467 3038 535 3119 ἐξής
562 3041 654 3119 δῆλον
679 3039 765 3102 ἐσται
811 3038 902 3102 δοθὲν
925 3038 1021 3121 W
1001 3064 1059 3122 αρα
1080 3039 1160 3102 ἐστὶν
1174 3056 1202 3096 ³⁰

156 3127 207 3189 καί
229 3127 261 3189 τὸ
279 3131 358 3188 ΜΝ
374 3129 538 3209 τύμπανον.
574 3122 661 3213 τήνδ’
681 3129 760 3216 αύτῷ
778 3126 863 3204 άξονι
880 3136 919 3216 τῷ
938 3133 1003 3191 ΚΛ
1026 3127 1160 3209 συμφυὲς

157 3216 229 3278 ἐστω
251 3217 406 3297 τύμπανον
433 3217 509 3279 τὸ
488 3215 544 3284 ΞΟ
570 3217 637 3298 ἔχον
664 3217 718 3297 τήν
745 3218 899 3300 διάμετρον
926 3218 1081 3279 διπλασίαν
1107 3227 1160 3297 τῆς

158 3315 210 3368 τού
234 3309 313 3367 ΜΝ
339 3307 493 3386 τυμπάνου
521 3305 685 3390 διαμέτρου.
739 3306 788 3368 διὰ
816 3306 853 3419 δή
881 3316 966 3370 τούτο
990 3306 1098 3385 δεήσει
1107 3305 1160 3368 τδν

158 3394 339 3476 βουλόμενον
365 3401 459 3457 κινεῖν
485 3395 535 3457 διὰ
562 3405 615 3458 τοῦ
643 3392 702 3462 ΞΟ
727 3395 880 3474 τυμπάνου
908 3394 939 3457 τὸ
968 3395 1059 3476 βάρος
1085 3393 1161 3475 ἐχειν

159 3484 286 3564 δύναμιν
301 3484 449 3546 ταλάντων
463 3479 507 3565 μ’,
524 3483 678 3567 ἐπειδήπερ
696 3483 731 3545 τὰ
744 3479 779 3545 π’
793 3485 917 3546 τάλαντα
931 3483 1068 3546 διπλάσιά
1081 3481 1159 3544 ἐστιν
1174 3498 1203 3539 86

159 3582 217 3634 τῶν
241 3569 274 3654 μ’
292 3574 448 3636 ταλάντων.
494 3574 583 3635 πάλιν
607 3571 639 3634 δέ
660 3573 849 3654 παρακείσθω
873 3577 913 3657 τῷ
936 3569 992 3638 ΞΟ
1018 3571 1161 3658 τυμπάνῳ
