2602 3874
149 197 214 262 298
298 200 457 251 HERONIS
475 199 767 252 MEOHANIOORUM
783 201 1010 254 FRAGMENTA.

150 361 202 426 δεί
232 371 299 425 τῶν
329 363 518 444 μελλόντων
549 361 770 444 βαστάζεσθαι
802 363 961 447 φορτίων,
993 361 1081 439 ὅπως
1112 364 1158 448 μὴ

149 463 392 552 ἀσθενέστερον
418 468 455 532 τὸ
482 472 592 533 κῶλον
613 467 752 553 ὑπάρχῃ.
798 468 926 532 ἵσταται
949 462 1012 533 οὖν
1034 469 1072 534 τὸ
1094 480 1158 534 κῶ-

148 575 210 637 λον
236 571 344 659 ὀρθὸν
371 571 428 638 ἐπί
451 597 543 651 τινος
565 571 678 658 ξύλου,
705 571 760 638 καλ
784 572 819 638 ἐκ
841 583 902 638 τοῦ
925 575 1030 658 ἀκρον
1052 574 1158 641 αὐτοῦ

149 678 233 743 όπλα
255 675 448 744 ἐκδέννυται
471 683 547 766 τρία
568 701 633 744 που
656 678 677 762 ἢ
700 677 842 765 τέσσαρα
867 677 923 744 καί
946 677 1160 747 ἀποτεθέντα

148 783 343 850 ἀποδίδοται
365 787 449 871 πρός
471 808 546 851 τινα
568 785 710 870 μένοντα
732 789 847 872 χωρία,
873 785 962 865 ὅπως
983 787 1020 852 τὸ
1044 784 1157 872 ξύλον,
1187 810 1201 850 ε

148 891 232 956 ὅπου
256 893 298 956 ἀν
319 914 369 968 τις
392 893 549 976 βιάζηται,
577 893 620 976 μὴ
647 902 827 978 παραχωρῇ
850 896 1068 978 κατεχόμενον
1090 893 1157 958 ὑπὸ

146 1008 215 1062 τῶν
246 996 495 1082 άποτεταμένων
526 999 646 1064 ὅπλων.
701 997 736 1063 ἐκ
769 995 805 1063 δὲ
835 1007 895 1064 τοῦ
930 1000 999 1064 ἀνω
1035 997 1158 1084 μόρους

147 1104 249 1169 αὐτοῦ
272 1105 488 1170 πολύσπαστα
515 1103 691 1184 ἐξάψαντες
718 1101 773 1170 καλ
799 1104 1017 1183 ἀποδιδόντες
1044 1107 1091 1183 είς
1118 1106 1156 1171 τὸ

147 1213 287 1296 φορτίον
316 1210 518 1276 ἐπισπῶνται
550 1214 623 1296 ἤτοι
655 1211 720 1277 ἀπὸ
746 1211 856 1298 χειρὸς
887 1210 908 1296 ἢ
940 1212 987 1289 εἰς
1019 1211 1157 1297 ἐργάτας

146 1315 336 1400 ἀποδόντες,
358 1319 425 1394 τείς
444 1318 524 1383 ὅταν
541 1325 748 1404 μετεωρισθῇ
767 1319 803 1384 τὸ
823 1319 973 1404 φορτίον.
1011 1319 1075 1384 κάν
1097 1317 1155 1405 δέγ
1171 1341 1200 1382 ιο

145 1424 205 1490 τὸν
245 1427 347 1488 λίθον
384 1423 559 1508 ἐκτεθῆναι
597 1423 649 1489 ἐπὶ
686 1435 793 1509 τεῖχος
828 1423 849 1509 ἢ
882 1425 967 1490 ὅπου
999 1426 1159 1509 βούλεταί

67 1543 120 1582 11³⁴
145 1554 206 1614 τις,
229 1529 425 1607 ἐκλύσαντες
451 1531 489 1595 ἐν
515 1541 582 1596 τῶν
602 1531 607 1615 Ι
627 1528 877 1614 ἐκδεννυμένων
904 1530 939 1596 ἐκ
967 1539 1027 1596 τοῦ
1050 1531 1156 1616 ἀκρον

146 1637 259 1702 ὅπλων
288 1637 326 1702 τὸ
359 1634 412 1701 ἐπὶ
439 1638 479 1701 τά
506 1635 600 1723 ἕτερα
627 1635 708 1723 μέρη
738 1645 798 1701 τοῦ
828 1639 970 1722 φορτίου
1001 1640 1156 1722 κείμενον

146 1742 358 1826 ἐγκλίνουσιν
380 1743 417 1808 τὸ
440 1746 549 1808 κῶλον
570 1741 626 1807 καλ
648 1743 707 1819 τάς
729 1743 892 1820 σκυτάλας
909 1743 1156 1826 ὑποβάλλοντες

145 1849 210 1914 ὑπὸ
237 1849 274 1914 τδ
302 1851 443 1935 φορτίον
471 1848 507 1915 ἐν
533 1859 603 1926 τοῖς
629 1847 773 1936 μέρεσιν,
801 1848 837 1914 ἐν
864 1841 914 1926 οἷς
940 1849 960 1934 ἡ
985 1852 1154 1935 σφενδόνη
1170 1871 1197 1912 ιε

145 1955 182 2020 ἐν
208 1961 254 2044 τῷ
282 1959 368 2043 λίθφ
397 1955 458 2021 οὐκ
486 1955 667 2040 ἐπείληται,
696 1960 821 2040 χαλῶσι
847 1956 888 2020 τά
915 1955 1061 2040 ἀγόμενα
1087 1969 1155 2023 τῶν

144 2063 396 2147 πολυσπάστου,
419 2064 495 2147 ἀχρι
513 2061 555 2127 ἀν
574 2061 752 2149 ἐπικαθίσῃ
771 2063 808 2127 τὸ
827 2063 968 2148 φορτίον
986 2073 1058 2140 ταῖς
1075 2081 1155 2129 σκυ-

144 2169 266 2252 τάλαις,
289 2164 348 2234 εἶτ’
374 2168 569 2246 ἐκλύσαντες
595 2170 657 2252 τὴν
679 2169 870 2253 σφενδόνην
892 2171 1092 2253 μογλεύουσι
1114 2171 1153 2237 τὸ

145 2279 297 2360 φορτίον,
327 2277 402 2361 ἀχρι
429 2270 470 2341 οὗ
493 2276 541 2352 είς
563 2274 604 2340 δν
626 2275 806 2358 βούλονται
829 2277 931 2340 τόπον
952 2274 1154 2362 παράξωσιν.

144 2375 213 2446 εἶτα
235 2381 335 2446 πάλιν
358 2383 395 2447 τὸ
418 2382 637 2466 ὑποκείμενον
659 2390 705 2470 τῷ
727 2382 822 2469 κύλςο
846 2379 947 2458 ξύλον
969 2381 1059 2470 ὅπλφ
1083 2382 1154 2448 ἐπι·
1168 2403 1196 2444 ιο

145 2487 347 2573 σπασάμενοι
375 2486 438 2552 ἀπὸ
465 2489 574 2573 χειρὸς
597 2488 815 2573 περιάγουσιν
843 2485 896 2552 ἐπί
917 2487 1033 2573 ἕτερον
1054 2487 1154 2576 μέρος

143 2603 203 2660 τοῦ
227 2595 486 2678 οἰκοδομήματος
508 2595 575 2677 ἀμα
597 2591 744 2672 ἀνιέντες
766 2595 845 2670 τοὺς
872 2591 1070 2679 ἀποτόμους,
1097 2594 1153 2661 καὶ

115 2716 132 2741 ¹¹
145 2699 246 2766 πάλιν
269 2699 466 2783 ἐκδήσαντες
488 2710 642 2785 χρῶνται,
665 2699 710 2776 ὡς
733 2702 933 2785 προείρηται.

213 2889 431 2946 4ἀποτεθέντα
449 2892 486 2959 Α,
515 2907 582 2946 corr.
597 2891 649 2946 Hu.
686 2909 712 2961 p.
729 2896 798 2946 12⁷4
889 2893 1084 2956 8ἀποδόντες
1105 2893 1153 2948 Hu

182 2967 213 3015 10
233 2963 272 3025 εἰς
290 2959 330 3018 ὅτ’
347 2961 384 3018 ἀν
402 2963 439 3017 A:
459 2961 511 3025 ἕως
528 2961 565 3017 ἀν
583 2962 640 3018 Hu:
659 2962 678 3017 f.
699 2960 755 3017 ἐστ’
771 2961 808 3017 ἀν
872 2968 904 3016 11
925 2959 1078 3034 ἐκτεθῆναι
1096 2961 1153 3036 (ἐν-

143 3036 263 3102 τεθῆναι
276 3033 311 3103 Α)
330 3033 392 3087 Par.
403 3039 485 3089 2440:
505 3029 649 3088 ἐπιθεῖναι
668 3033 712 3087 vel
731 3027 897 3088 ἐπενθεῑνοιι
915 3033 960 3087 Hu
1005 3040 1056 3118 ,12⁸
1073 3031 1153 3126 ἐλκύ-

144 3103 393 3245 σαλόεςέτέἐίληοέἀάἀε
408 3103 945 3300 λ’ἐπίκέἀύάῗεάἀλνοέἀτιῗάιάθέηξάικαὶ
959 3108 1153 3248 εξάρεέίῖτεηάῗ

143 3263 211 3304 corr.
230 3247 276 3301 Hu
365 3251 398 3300 22
421 3247 486 3309 τούς
508 3247 578 3303 ἀπδι
605 3246 624 3301 f.
649 3246 684 3300 τδι
707 3244 779 3301 όπλα
828 3263 847 3300 u
936 3245 1107 3318 ἀποτόμοοςε
1130 3249 1151 3304 f.

143 3315 386 3392 ἀπο<τετοιμένους
405 3312 572 3390 ἐπι>τόνους

541 3476 752 3492 —'-—-—-
