2602 3874
47 3608 102 3618 ⁴—

172 239 237 302 318
445 241 651 312 [Pronounr]
669 245 719 293 nn
739 243 915 299 sensurus.

172 402 341 466 alteratum
378 407 409 466 et
446 407 694 468 transmutatum
732 404 882 468 continue
919 408 1023 467 adrem
1064 402 1187 466 bonam
1261 435 1262 440 1

105 527 144 568 318
172 510 476 592 contemperantiam
498 507 601 596 nolbis
625 511 783 574 exhibere.
835 559 843 576 .

259 613 435 700 Negotium
468 621 574 680 autem
607 617 693 700 quod
726 618 809 681 eirca
839 617 927 680 visus
960 615 1113 679 dividitur
1150 616 1188 680 in

172 721 322 805 optioum,
346 722 379 784 id
403 727 451 786 est
468 723 606 786 visivum
631 727 662 786 et
686 723 888 807 dioptrieum‚
912 723 945 786 id
969 727 1016 787 est
1039 743 1187 805 perspec-

170 829 273 892 tivum
306 832 337 892 et
364 829 593 911 katoptricum‚
626 829 659 892 id
691 833 739 892 est
768 829 980 912 inspectivum
1007 828 1185 914 negotium.
1215 850 1231 890 s

171 939 203 998 et
233 935 375 1018 opticum
406 935 533 1018 quidem
561 939 741 1018 opportune
771 935 811 998 ab
841 935 904 1000 hiis
935 937 991 1019 qui
1021 939 1094 998 ante
1123 956 1185 998 nos

171 1041 365 1124 descriptum
384 1045 432 1104 est
451 1045 483 1104 et
501 1041 639 1104 maxime
658 1041 697 1105 ab
712 1040 933 1106 Aristotele.
967 1041 1005 1106 de
1025 1041 1185 1125 dioptrieo
1207 1028 1209 1030 ¹

171 1150 277 1210 autem
296 1170 315 1210 a
332 1147 426 1211 nobis
450 1148 484 1210 in
507 1147 578 1211 aliis
598 1147 718 1212 dictum
742 1152 790 1212 est
813 1148 941 1232 copiose
961 1152 1080 1231 quanta
1097 1147 1185 1211 vide-

169 1253 293 1318 bantur.
339 1253 484 1317 videntes
508 1258 614 1318 autem
638 1258 670 1318 et
692 1255 908 1338 katoptrioum
928 1255 1095 1339 negotium
1114 1276 1185 1318 esse

170 1359 303 1444 dignum
327 1360 433 1424 studio
457 1363 488 1423 et
511 1359 628 1424 habere
653 1361 811 1444 quandam
831 1360 1050 1424 admirabilem
1074 1382 1185 1443 specu·
1200 1383 1229 1422 ro

168 1465 322 1530 lationem
439 1489 496 1550 per
528 1467 634 1550 ipsum
667 1467 751 1530 enim
785 1469 1022 1532 constituuntur
1054 1466 1185 1550 specula

170 1573 369 1637 ostendentia
393 1573 503 1637 dextra
530 1573 640 1637 dextra
669 1578 700 1638 et
723 1575 852 1638 sinistra
874 1574 1022 1638 similiter
1045 1573 1184 1657 sinistra,

169 1680 392 1744 communibus
412 1679 550 1763 speculis
571 1685 681 1745 contra
700 1682 896 1763 patientibus
918 1685 1031 1745 nature
1055 1685 1087 1744 et
1109 1701 1184 1744 eon-

168 1787 266 1850 traria
285 1787 535 1851 ostendentibus.
578 1791 626 1851 est
649 1791 755 1851 autem
778 1810 835 1871 per
858 1788 927 1871 ipsa
947 1788 1055 1851 videre
1077 1791 1183 1870 poste-

167 1893 234 1956 rius
253 1897 441 1977 apparentes
465 1897 497 1957 et
521 1916 553 1958 se
577 1893 719 1957 inversos
743 1898 775 1957 et
794 1893 1041 1978 supercapitales
1063 1893 1226 1957 haben-15

167 2003 279 2083 tesque
315 2004 379 2064 tres
417 1999 526 2064 oeulos
559 2004 591 2064 et
627 2000 706 2064 duos
743 2023 837 2065 nasos
877 2005 908 2064 et
944 2001 1049 2064 luctus
1081 2000 1183 2064 instar

168 2105 318 2189 dispersis
350 2107 495 2189 partibus
529 2107 631 2170 faciei.
685 2128 752 2170 non
783 2111 889 2170 autem
921 2107 961 2170 ad
994 2105 1182 2190 speculatio-

166 2235 240 2276 nem
271 2211 360 2276 utilis
392 2213 500 2276 existit
529 2217 669 2296 tautum,
702 2213 757 2276 sed
789 2217 821 2278 et
853 2213 892 2277 ad
925 2213 1181 2298 opportunitates

166 2319 367 2383 necessarias.
415 2319 575 2402 quomodo
604 2320 688 2383 enim
716 2341 783 2384 non
809 2320 890 2384 bene
919 2319 998 2384 utile
1022 2320 1093 2403 quis
1118 2321 1182 2383 exi-

168 2425 311 2488 stimabit
344 2425 495 2510 degentes
528 2426 562 2490 in
593 2426 793 2490 habitatione
830 2427 960 2516 adversa
996 2427 1116 2509 videre,
1153 2427 1180 2490 si
1195 2446 1224 2486 ao

167 2531 341 2616 contingat,
364 2535 526 2614 presentes
546 2532 580 2595 in
598 2532 698 2616 rymis
723 2536 802 2616 quot
821 2533 885 2596 sint
903 2537 935 2596 et
954 2533 1031 2616 quid
1050 2533 1179 2617 agentes

167 2637 329 2701 existant?
380 2642 435 2702 aut
463 2638 623 2721 quomodo
659 2660 726 2703 non
753 2640 864 2722 utique
896 2637 1042 2702 mirabile
1074 2638 1180 2702 existi-

165 2744 267 2807 mabit
295 2743 411 2827 aliquis
441 2745 639 2809 considerare
668 2769 725 2829 per
753 2745 916 2829 specuium
943 2750 1037 2810 nocte
1067 2749 1099 2809 et
1129 2745 1180 2809 die

165 2851 338 2914 instantem
370 2850 483 2914 horam
519 2872 577 2934 per
609 2851 796 2934 apparentia
830 2851 936 2914 idola?
983 2855 1061 2934 quot
1093 2851 1178 2915 enim

236 3048 250 3094 1
270 3044 490 3096 transmutatum
507 3043 549 3096 A:
571 3044 808 3097 transmutantem
829 3043 886 3098 OE
964 3049 982 3096 4
1002 3041 1120 3096 visivurn
1141 3042 1176 3098 0.-

163 3111 280 3166 visivam
298 3113 361 3168 AE
431 3113 636 3183 perspectivam
656 3113 696 3168 0.·
715 3115 919 3184 perspectivam
937 3113 1001 3168 AB
1080 3121 1096 3168 5
1118 3117 1177 3168 cat-

163 3183 302 3254 optricum
320 3185 394 3251 AE,
413 3189 524 3240 otoo
588 3185 659 3238 'lab
682 3184 750 3238 OE:
769 3185 850 3238 deA
912 3190 945 3238 10
964 3186 993 3238 et
1011 3184 1115 3238 habere
1134 3185 1177 3238 E:

162 3255 250 3310 habet
265 3254 340 3310 enim
356 3255 392 3310 0.·
410 3254 498 3310 habet
511 3255 539 3310 A
601 3261 633 3308 11
650 3257 778 3310 lacunam
791 3257 884 3312 statui.
910 3257 945 3323 cf.
960 3257 1070 3311 Autem.
1081 3273 1110 3326 p.
1122 3260 1178 3310 338
1278 3314 1281 3320 ,

162 3329 255 3383 adnot.
332 3327 354 3395 f.
374 3329 572 3381 construuntur
651 3332 684 3380 12
703 3327 803 3380 derbe
822 3327 920 3381 dextra
940 3326 976 3380 0.-
1000 3327 1098 3380 dextra
1117 3328 1179 3380 ΑΕ

200 3404 233 3452 14
252 3397 430 3454 ostendentia
451 3397 554 3465 OAE,
577 3415 645 3453 corr.
661 3398 696 3453 R.
779 3403 811 3450 16
830 3397 930 3466 rultus,
949 3404 980 3452 ut
997 3399 1116 3464 videtur,
1145 3415 1179 3453 ex

162 3469 254 3525 luctus
278 3487 345 3526 corr.
365 3471 393 3524 A
419 3471 539 3524 voluitne
561 3467 676 3524 vultus?
703 3467 795 3536 luctus
819 3485 870 3524 om.
889 3468 917 3522 A
1002 3474 1036 3522 20
1061 3468 1177 3523 adversa

165 3542 223 3596 OE
226 3563 235 3596 .·
249 3559 345 3597 aversa
355 3542 383 3596 A
437 3547 470 3595 21
481 3539 549 3594 rinis
559 3542 600 3595 vel
609 3539 686 3608 rynis
697 3541 725 3610 (τ’.
735 3557 756 3594 e.
768 3536 877 3608 sepau)
889 3538 924 3593 O:
938 3537 1009 3606 ymis
1020 3540 1061 3592 A:
1074 3538 1138 3592 imis
1149 3539 1179 3592 E

199 3619 231 3666 22
250 3613 380 3669 mirabile
402 3612 470 3667 OA:
489 3610 656 3666 admirabile
676 3611 707 3665 E
775 3615 809 3663 23
829 3608 931 3677 aliquis
950 3609 1025 3662 AE:
1044 3608 1115 3663 alias
1137 3613 1160 3663 0
