2596 3876
144 199 209 262 362
412 199 618 271 [moseum]
637 203 686 252 nn
705 202 882 254 srncums.

143 362 202 426 sub
233 361 300 444 obp
329 361 517 426 existentem
545 362 674 426 tertiam
702 367 825 446 partem
854 363 945 447 recti,
975 367 1007 427 et
1036 385 1161 448 ponere

143 476 308 541 altitudini
331 477 452 561 speculi
475 477 619 560 equalem
647 479 750 562 ipsam
772 479 821 561 dp.
868 483 900 543 et
922 479 1061 544 educere·
1076 459 1118 542 ad
1143 487 1162 544 e
1187 520 1194 533 ·

143 597 176 657 et
204 592 267 675 ipsi
289 593 332 656 ob
360 593 400 656 ad
427 597 530 658 rectos
558 593 693 678 angulos
720 594 894 677 producere
922 595 1024 678 ipsam
1052 595 1097 659 bd
1124 599 1161 660 et

144 707 286 791 accipere
309 707 437 794 signum
460 708 590 791 aliquod
613 731 640 793 e,
669 710 714 772 ita
736 713 772 773 ut
795 709 834 772 ab
858 731 874 774 e
896 710 936 772 ad
958 714 1061 774 rectos
1083 731 1161 793 pro·
1290 749 1294 782 z

144 823 240 888 ducta
262 824 299 887 cb
322 823 414 888 cadat
436 828 525 888 extra
545 843 602 888 rm.
645 825 687 887 sit
705 825 805 909 igitur
823 829 996 908 acceptum,
1020 829 1052 888 et
1070 825 1159 908 site,
1189 846 1203 885 s

143 943 176 1002 et
199 937 262 1022 ipsi
284 939 322 1003 cb
345 939 386 1002 ad
407 943 510 1003 rectos
533 939 768 1023 <producatur>
787 961 848 1022 que
866 943 915 1025 ed,
939 944 971 1004 et
989 939 1160 1023 copuletur

144 1077 206 1138 que
229 1056 280 1137 dy.
333 1058 365 1118 et
387 1054 505 1139 angulo
530 1055 585 1136 qui
608 1055 667 1118 sub
691 1057 755 1138 eqd
778 1055 899 1138 equalis
923 1055 1077 1120 consistat
1100 1057 1159 1138 qui

143 1170 203 1235 sub
227 1170 292 1252 opt
320 1173 351 1233 et
379 1169 419 1232 ad
445 1173 548 1234 rectos
573 1170 636 1252 ipsi
659 1170 701 1234 db
726 1171 942 1253 duceturque
965 1171 1020 1234 har.
1066 1170 1159 1235 inoli-

143 1289 219 1350 nato
243 1285 344 1370 igitur
366 1285 508 1370 speculo,
538 1289 575 1348 ut
603 1285 807 1368 dictumest,
838 1286 954 1350 distare
983 1289 1110 1370 oportet
1138 1309 1158 1350 a

143 1423 235 1466 muro
263 1423 320 1484 per
351 1400 496 1483 equalem
523 1399 586 1484 ipsi
613 1401 655 1482 dp
686 1404 717 1464 et
751 1401 999 1466 obstructorium
1032 1406 1157 1466 rectum
1174 1427 1201 1464 ιο

143 1521 227 1582 stare
260 1537 364 1580 arcam
396 1519 538 1598 apertam
574 1537 613 1578 ex
645 1516 800 1598 superiori
831 1520 922 1599 parte
953 1516 1157 1580 altitudinem

143 1633 205 1697 viri
232 1631 402 1695 habentem
430 1635 462 1695 et
490 1632 691 1715 interponere
721 1631 851 1715 planum
883 1632 929 1696 lm
959 1633 1157 1715 equidistans

144 1738 282 1832 speculo}
312 1747 347 1810 in
386 1767 449 1830 quo
484 1747 569 1811 dicta
602 1747 843 1830 <pro>ponetur
874 1747 990 1833 imago.
1050 1748 1156 1812 visum

143 1869 250 1929 autem
278 1867 361 1927 stare
390 1865 516 1945 oportet
543 1862 628 1946 apud
651 1865 684 1946 cl,
714 1863 928 1946 prohibitorio
957 1863 1064 1946 aliquo
1092 1865 1157 1927 exi-

144 1984 247 2046 stente
279 1979 319 2042 ad
349 2000 416 2042 non
447 1978 580 2042 interius
613 1979 730 2042 cedere.
785 1975 831 2043 sio
862 1979 948 2042 enim
979 1979 1156 2044 incidentes
1173 2003 1200 2041 ιε»

144 2094 272 2180 speculo
291 2094 373 2158 radii
390 2115 457 2158 non
475 2093 620 2158 excident
638 2097 727 2158 extra
746 2093 963 2178 interstitium,
987 2095 1042 2158 sed
1062 2094 1156 2176 intra,

144 2213 178 2275 in
202 2233 265 2294 quo
288 2209 359 2274 loco
383 2213 432 2273 est
454 2209 570 2294 imago.
617 2209 655 2272 de
682 2231 719 2273 ea
741 2214 937 2291 autem·que
960 2213 1050 2274 extra
1072 2231 1157 2274 com-

143 2325 351 2411 prehenditur
374 2325 583 2408 dispositione
606 2345 673 2388 non
693 2324 795 2388 adieci
813 2325 990 2389 admonere.
1029 2329 1156 2408 oportet

144 2443 229 2507 enim
243 2440 492 2524 unumquodque
507 2461 618 2503 ornare
637 2444 669 2516 et
688 2440 864 2524 disponere,
882 2445 919 2504 ut
937 2441 1048 2522 utique
1066 2439 1156 2505 locus

144 2563 176 2623 et
190 2556 388 2641 preparantis
404 2555 517 2620 electio
533 2556 707 2638 patiuntur.
741 2555 847 2638 ipsum
865 2559 974 2620 tamen
991 2555 1155 2640 speculum
1170 2577 1196 2616 so

144 2675 179 2738 in
205 2671 325 2756 templo
354 2671 461 2753 aliquo
491 2670 599 2756 ligneo
628 2672 775 2756 congruit
801 2672 880 2754 poni
907 2671 1032 2755 inplens
1059 2667 1154 2758 non}

76 2817 117 2857 sao
144 2794 249 2854 totum
271 2788 386 2868 locum,
414 2785 570 2870 templum
597 2790 704 2850 autem
732 2791 880 2851 omatum
902 2808 970 2851 esse
994 2787 1156 2852 adiacente

143 2905 224 2987 loco,
252 2908 284 2968 et
307 2903 529 2986 prominentiis
558 2905 664 2966 autem
692 2903 865 2988 imaginem
888 2903 1092 2986 occultatam,
1120 2908 1157 2968 ut

143 3042 210 3085 non
232 3019 338 3104 palam
361 3019 513 3101 videatur,
536 3018 653 3082 habere
677 3021 783 3082 autem
806 3022 838 3082 et
861 3018 1026 3102 speculum
1048 3019 1157 3083 lumen

144 3157 183 3199 ex
202 3139 272 3198 aere
291 3135 397 3217 ipsum
412 3135 602 3216 continente,
622 3133 794 3218 imaginem
809 3138 915 3198 autem
934 3157 973 3198 ex
987 3133 1156 3218 posteriori
1169 3153 1194 3194 rs

216 3443 231 3490 3
258 3436 411 3507 producere
437 3433 505 3489 OA:
531 3433 682 3504 perducere
706 3433 736 3486 Ε
823 3439 840 3486 4
864 3449 879 3486 e
900 3431 1039 3499 OAE:f.
1060 3432 1086 3486 d.
1118 3433 1153 3499 cf.

143 3525 229 3577 supro
240 3526 269 3578 p.
281 3512 391 3576 358,10
431 3522 447 3560 e
463 3505 600 3572 onmf.
616 3521 648 3559 eo
664 3504 710 3573 (cf.
722 3507 829 3570 358,11
844 3502 916 3572 ipso)
932 3503 1004 3556 celd
1048 3509 1118 3556 4-o
1131 3504 1152 3570 f.

28 3606 99 3632 Δ..
144 3579 281 3648 producta
300 3578 398 3653 (ipsi)
418 3577 464 3632 eb.
498 3578 614 3644 cf.c.6
685 3573 1012 3646 beb:(1(=que)eb
1034 3572 1096 3628 ΟΛ.
1129 3574 1155 3628 si
