2602 3874
677 866 701 931 I.

100 1030 170 1072 arra
272 1010 406 1074 Duobus
431 1011 575 1075 sensibus
599 1011 809 1075 existentibus
835 1034 892 1094 per
915 1033 995 1095 quos
1019 1011 1057 1076 fit
1079 1011 1132 1075 via
1155 1013 1200 1075 ad

185 1118 374 1218 sapientiam
393 1117 566 1181 secundum
585 1116 761 1200 Platonem,
785 1118 896 1181 auditu
916 1117 1038 1182 scilicet
1061 1122 1093 1182 et
1114 1119 1200 1201 visu,

184 1225 351 1289 amborum
387 1223 571 1306 speculatio.
631 1224 670 1287 de
706 1224 769 1288 hiis
807 1245 868 1307 que
905 1224 1032 1288 auditus
1069 1224 1199 1308 <sunt>,

184 1333 306 1396 musica
322 1330 468 1395 consistit
487 1330 749 1414 symphoniarum
768 1334 800 1395 et
813 1329 1050 1395 harmoniarum
1065 1331 1201 1394 scientia

185 1443 225 1521 et,
244 1442 280 1501 ut
294 1437 477 1501 summatim
492 1437 623 1519 dicatur,
642 1437 816 1502 melodiose
831 1441 863 1501 et
877 1437 1070 1501 armonizate
1083 1441 1199 1501 nature
1227 1459 1245 1499 a

185 1545 369 1630 speculatio.
424 1544 463 1607 de
496 1566 533 1608 eo
564 1545 649 1608 enim
680 1545 765 1628 quod
796 1549 843 1608 est
873 1543 1095 1608 coordinatum
1128 1565 1198 1608 esse
1290 1549 1294 1554 '

184 1651 339 1715 mundum
360 1651 532 1714 secundum
547 1651 701 1715 musicam
715 1651 924 1733 harmoniam,
940 1650 1042 1714 multa
1056 1654 1088 1713 et
1108 1650 1198 1714 varia

184 1757 292 1842 prodit
305 1757 516 1822 ratiocinatio.
554 1757 725 1821 distributo
745 1759 830 1822 enim
844 1745 913 1821 toto
929 1756 996 1822 celo
1017 1757 1051 1820 in
1065 1757 1197 1840 spherus

185 1867 257 1928 octo
286 1885 433 1946 numero,
465 1863 614 1928 videlicet
645 1864 680 1928 in
712 1868 834 1947 septem
865 1863 1066 1948 planetarum
1099 1867 1131 1926 et
1163 1864 1198 1928 in
1293 1914 1296 1931 .

185 1971 401 2034 continentem
425 1991 534 2034 omnes
562 1974 594 2035 et
621 1971 775 2034 ferentem
802 1992 868 2034 non
896 1971 1053 2053 erraticas,
1081 1970 1197 2034 accidit
1212 1991 1239 2030 10

184 2077 219 2141 in
242 2077 320 2160 ipsis
343 2098 527 2160 processum
554 2081 712 2141 astrorum
740 2076 951 2141 melodiosum
979 2080 1011 2141 et
1037 2075 1199 2140 harmoni-

184 2187 291 2248 zatum
323 2184 458 2248 existere
489 2188 621 2268 propter
650 2185 846 2248 conformem
876 2184 1021 2268 vigorem
1051 2187 1198 2246 motuum

185 2290 269 2354 inter
300 2289 383 2374 ipsa,
415 2291 497 2355 sicut
530 2295 562 2354 et
594 2291 628 2355 in
659 2291 872 2354 instrumento
904 2290 973 2374 lyre
1004 2289 1199 2354 melodizant

185 2396 310 2460 chorde.
361 2418 456 2461 sonos
487 2397 572 2461 enim
601 2397 755 2481 quosdam
787 2396 967 2482 intelligere
999 2401 1126 2480 oportet
1159 2419 1198 2462 ex

184 2524 335 2586 processu
353 2507 511 2566 astrorum
534 2526 591 2587 per
614 2508 726 2586 adrem,
750 2507 782 2567 et
804 2503 863 2567 hos
889 2503 1018 2587 quidem
1036 2503 1197 2588 graviores
1213 2523 1240 2563 ra

184 2609 337 2693 ipsorum,
369 2609 429 2672 hos
457 2614 564 2674 autem
591 2611 694 2696 magis
723 2615 841 2692 acutos,
873 2610 955 2674 siout
982 2609 1042 2674 hec
1069 2609 1197 2692 quidem

184 2715 365 2798 tardiorem,
392 2715 452 2780 hec
475 2721 581 2780 autem
605 2717 787 2782 celeriorem
810 2699 933 2781 iaciunt
955 2720 1086 2780 motum.
1132 2737 1198 2798 quo
1285 2719 1286 2782 ᾗ

186 2822 271 2886 enim
289 2821 385 2886 modo
399 2822 492 2906 pulsa
506 2823 624 2888 chorda
638 2825 845 2889 fluctuantem
859 2823 1070 2908 intelligimus
1084 2826 1199 2904 aerem,
1285 2811 1286 2851 l

185 2929 231 2992 ita
263 2933 295 2993 et
326 2929 420 2994 astris
452 2952 510 3014 per
541 2930 705 2995 zodiacum
742 2930 855 2996 delatis
892 2931 1033 3015 cogitare
1071 2932 1196 3012 oportet
1282 2955 1284 3010 3

258 3127 271 3174 1
297 3121 408 3176 ouum
427 3121 566 3176 Ptolomei
590 3123 625 3176 ae
648 3122 777 3193 speruus.
818 3122 922 3193 raupa
944 3121 1017 3176 liber
1035 3119 1140 3190 primus
1161 3119 1196 3174 0.-
1279 3099 1283 3218 j

185 3191 289 3262 Incipit
306 3192 378 3247 liber
396 3192 534 3247 Ptolomei
553 3193 588 3247 de
607 3193 728 3263 speculis
746 3195 810 3248 ΑΕ
861 3193 911 3262 qui
930 3191 1066 3246 dividitur
1082 3190 1112 3244 in
1127 3191 1196 3245 duos

185 3263 280 3319 libros.
317 3263 402 3318 Liber
419 3263 526 3334 primus
545 3266 608 3320 add.
624 3266 683 3320 edd.
706 3267 807 3320 Veneta
822 3267 903 3335 prior
921 3267 950 3318 et
968 3264 1087 3317 Iuntina
1106 3265 1195 3330 (1518)

223 3337 325 3389 3sunt
342 3337 431 3405 suppl.
451 3336 479 3390 R
550 3335 775 3390 4arm0niarum
792 3337 856 3390 ΑΕ
927 3333 1117 3389 7armoniam
1135 3333 1198 3386 ΑΕ

222 3412 237 3460 8
256 3407 351 3477 prodit
372 3407 406 3463 0:
429 3407 561 3476 producit
578 3408 619 3462 A:
641 3407 765 3477 produnt
783 3409 813 3462 E
883 3409 944 3461 toto
964 3405 1024 3459 celo
1047 3405 1115 3459 OA:
1136 3403 1195 3457 celo

185 3480 296 3534 totoE
367 3478 695 3532 11-12armonizatum
712 3479 776 3533 An
847 3476 1196 3533 11011011οΑ10ηῶ
1273 3487 1274 3494 ¹

223 3591 255 3639 18
275 3585 349 3641 enim
370 3585 406 3640 O:
425 3601 491 3655 ergo
510 3585 553 3640 E:
572 3584 646 3640 circa
664 3586 692 3639 A
764 3563 792 3640 rii
812 3584 914 3654 (modo)
933 3583 995 3638 aiut
1013 3581 1041 3634 A
