2602 3874
140 212 206 277 280
289 213 448 266 motus
465 212 757 264 Μεοεικυῑοοουιι
773 213 999 265 mamm.

140 373 349 459 δεννυμένην
366 373 470 460 ἀρχὴν
488 372 524 439 ἐκ
542 382 602 438 τού
621 373 779 458 μένοντος
797 376 921 461 χωρίου
940 371 1149 452 ἐξάπτεσθαι.

141 483 197 547 ἵνα
225 478 288 548 οὖν
314 483 358 566 μῆ
384 479 462 546 καθ’
494 479 553 546 ἕνα
579 483 659 558 τούς
685 483 857 568 τροχίλους
885 483 921 546 ἐκ
947 504 983 545 τε
1009 489 1069 546 τοῦ
1092 479 1149 566 με’-

140 611 260 666 νοντος
282 590 406 674 χωρίου
429 585 484 652 καί
507 586 543 652 ἐκ
565 595 625 652 τοῦ
649 589 790 671 φορτίου
814 582 1012 672 ἐξάπτυμεν,
1035 588 1071 653 οἰ
1085 583 1149 672 μὲν

141 693 378 782 εἰρημένοι
398 695 445 771 εἰς
471 694 508 758 τὸ
536 690 638 778 μένον
663 689 749 759 εἰναι
771 696 893 779 χοιρίον
916 695 964 772 εἰς
986 694 1023 760 ἐν
1046 692 1149 772 ξύλον

142 801 329 867 ἐντίθενται
347 798 423 886 περὶ
442 797 543 877 ἄξονα
560 801 763 885 κινούμενοι,
782 799 799 865 δ
816 805 961 866 καλεῖται
976 801 1148 885 μάγγανον
1178 828 1191 868 ε
1292 787 1293 796 ¹

143 947 184 956 -
212 917 310 973 τοῦτο
344 903 381 973 δὲ
411 905 578 986 ἐξάπτεται
606 905 642 972 ἐκ
668 915 728 972 τοῦ
755 905 913 992 μένοντος
940 909 1064 992 χωρίου
1092 907 1149 972 διά

141 1038 233 1092 τινος
255 1011 369 1100 ἑτέρου
392 1012 497 1080 ὅπλου
516 1051 559 1060 -
579 1014 614 1079 οί
634 1009 671 1078 δὲ
692 1014 775 1100 πρὸς
798 1023 843 1102 τῷ
867 1016 993 1102 φορτίφ
1017 1014 1065 1090 εἰς
1082 1011 1148 1078 ἕτε-

143 1144 204 1207 ρον
230 1121 402 1206 μάγγανον
429 1119 535 1207 τούτῳ
565 1125 649 1202 ίσον,
676 1119 694 1184 δ
722 1120 763 1204 δη
790 1121 892 1186 πάλιν
919 1118 1087 1198 ἐξάπτεται
1112 1118 1149 1184 ἐκ

142 1235 203 1292 τοῦ
236 1228 377 1312 φορτίου
407 1228 520 1311 μόνον.
570 1225 675 1303 οὕτως
704 1223 741 1291 δέ
769 1227 820 1292 δεῖ
846 1227 1084 1311 κατατετάχθαι
1111 1225 1149 1291 ἐν

64 1353 116 1394 ιιιε
143 1343 213 1410 τοῖς
244 1333 426 1418 μαγγάνοις
457 1335 535 1410 τοὺς
566 1335 754 1418 τροχίλους,
785 1334 869 1398 ὥστε
894 1334 935 1398 τδι
961 1337 1051 1398 κῶλα
1075 1333 1080 1416 Ι
1104 1334 1147 1417 μὴ
1163 1359 1193 1400 ιο

143 1437 366 1524 ἐμπλεκόμενα
388 1440 472 1524 πρὸς
494 1441 619 1523 ύλληλα
642 1440 806 1524 δυσπειθῆ
829 1442 992 1523 γίνεσθαι.
1036 1436 1079 1504 δι’
1106 1439 1150 1522 ἣν

144 1544 173 1610 δ’
214 1547 324 1611 αἰτίαν
354 1548 518 1611 πλειόνων
549 1557 616 1611 τῶν
646 1547 764 1611 κώλων
795 1545 980 1630 γινομένου
1012 1545 1151 1611 εύκοπία

142 1657 405 1739 παρακολουθεῖ,
437 1649 597 1737 δείξομεν,
628 1650 684 1716 καί
716 1650 759 1717 δι’
795 1653 838 1736 ῆν
870 1655 979 1718 αἰτίαν
1008 1652 1028 1736 ῆ
1057 1650 1151 1738 ἑτέρα

143 1758 226 1846 άρχῆ
250 1758 286 1824 ἐκ
308 1766 368 1823 τοῦ
391 1757 549 1842 μένοντος
572 1757 739 1837 ἐξάπτεται
762 1762 845 1846 χωρί
887 1811 893 1824 .

598 1951 644 2037 Π,
667 1955 697 2019 4.

229 2076 274 2142 Ἡ
298 2074 336 2143 δέ
363 2075 435 2162 ἑξῆς
462 2079 603 2162 δύναμις
629 2077 650 2161 ῆ
678 2079 734 2142 διδι
756 2087 816 2144 τοῦ
840 2079 968 2163 σφηνὸς
990 2076 1045 2144 καί
1068 2078 1150 2162 αὐτῆ
1166 2102 1194 2144 15

144 2187 287 2270 μεγάλας
318 2187 429 2272 χρείας
461 2183 667 2271 παρεχομένη
698 2187 782 2272 πρός
813 2207 849 2250 τε
880 2186 937 2262 τδις
968 2186 1152 2272 μυρεψικδις

144 2289 267 2367 πιέσεις
284 2289 339 2356 καί
357 2293 415 2368 τὸς
433 2291 490 2355 διὰ
507 2300 564 2375 τῆς
581 2301 769 2376 τεκτονικῆς
786 2291 1018 2378 ύπεραγούσας
1035 2295 1152 2374 κολλῆ-

146 2414 224 2481 σεις,
248 2398 285 2462 τὸ
309 2393 346 2462 δέ
368 2397 503 2462 πάντων
526 2395 690 2482 μέγιστον,
714 2395 795 2464 ὅταν
816 2400 895 2475 τοὺς
918 2397 954 2463 ἐκ
972 2408 1038 2463 τῶν
1057 2401 1152 2462 λατο-

145 2515 231 2589 μιῶν
262 2505 382 2580 λίθους
413 2502 568 2569 ἀποσπᾶν
597 2503 655 2590 δίη
682 2514 740 2588 τῆς
766 2506 848 2570 κατδι
873 2505 911 2569 τὸ
938 2505 1026 2570 κάτω
1053 2503 1153 2590 μέρος

146 2613 325 2694 συνεχείας,
349 2609 488 2695 οὐδεμία
510 2621 577 2676 τῶν
600 2612 710 2676 ἄλλων
733 2612 907 2696 δυνάμεων
927 2609 1075 2697 ἐνεργεῖν
1094 2611 1153 2676 δύ·
1167 2636 1196 2676 ιο

146 2741 257 2801 ναται,
287 2714 358 2780 οὐδ’
391 2714 433 2780 διν
460 2717 526 2800 ἅμα
552 2726 654 2782 πᾶσαι
682 2721 921 2804 συζευχθῶσιν,
947 2719 1051 2802 μόνος
1073 2713 1152 2782 δὸὸ

147 2825 238 2907 σφῆν
265 2821 393 2908 ἐνεργεῖ
417 2823 472 2887 διὸ
494 2831 552 2906 τῆς
574 2825 752 2908 τυχούσης,
779 2822 834 2889 καί
858 2825 970 2900 άνεσις
991 2820 1054 2908 μὸν
1076 2820 1148 2888 οὐδ’

146 2929 286 3013 ἡτισοῦν
306 2931 432 3012 γίνεται
450 2930 532 2994 κατὰ
550 2929 590 2993 τὰ
609 2930 815 3015 διαλῆμματα
832 2942 899 2996 τῶν
917 2928 1154 3016 ἐργαζομένων,

146 3036 288 3122 καρτερὰ
315 3031 352 3100 δὲ
379 3035 442 3120 <ῆ>
468 3033 622 3113 ἐπίτασις.
667 3045 766 3102 τοῦτο
795 3033 832 3101 δὸ
859 3038 1007 3124 φανερὸν
1034 3034 1072 3100 ὲκ
1093 3044 1154 3101 τοῦ

146 3139 202 3206 καί
233 3143 278 3226 μὴ
305 3141 537 3227 πλησσομένου
564 3150 625 3207 τοῦ
653 3143 782 3228 σφηνὸς
809 3141 912 3209 ἐνίοτε
938 3140 1073 3227 ψόφους
1099 3141 1155 3208 καί
1168 3168 1196 3209 τε

148 3249 296 3334 ῥῆγματα
319 3249 474 3332 γίνεσθαι
497 3248 553 3313 διὸ
571 3258 628 3333 τῆς
645 3257 706 3315 τοῦ
725 3250 853 3334 σφηνὸς
871 3247 1046 3336 ἐνεργείας.
1087 3247 1154 3331 ὅσῳ

149 3354 178 3420 δ’
206 3355 248 3421 δν
270 3355 290 3440 η
313 3363 374 3420 τοῦ
398 3356 524 3440 σφηνὸς
547 3358 652 3440 γωνία
674 3356 824 3422 ἐλάσσων
843 3359 985 3442 γίνηται,
1007 3357 1155 3444 τοσούτῳ

148 3460 381 3550 εὐχερέστερον
404 3460 540 3548 ἐνεργεῖ,
562 3462 734 3528 τουτέστιν
757 3463 800 3528 δι’
824 3463 1002 3540 ἐλάσσονος
1019 3467 1156 3547 πληγῆς,

146 3571 193 3647 ὡς
216 3568 373 3654 δείξομεν.
