2602 3874
165 241 229 306 258
314 241 472 293 HERONIS
489 241 779 292 MEOHANICORUM
795 241 1020 293 FRAGMENTA.

124 411 125 414 ’
164 408 299 467 κεῖσθαι
329 399 384 466 καί
414 399 664 486 συμπεπλέχθαι
691 400 859 485 ἀλλῆλοις,
890 402 980 466 καθά
1006 399 1171 486 μέλλομεν

165 492 300 573 δηλοῦν.
722 559 723 562 ,

242 577 350 644 Ἔστω
377 579 414 643 τδ
442 577 616 664 εἰρημένον
638 580 875 663 γλωσσόκομον
897 579 934 643 τὸ
958 580 1104 662 ΑΒΓΔ,
1131 578 1169 644 έν

164 658 191 754 ᾦ
214 665 300 745 ἀξων
322 665 405 732 έστω
428 668 647 752 διακείμενος,
675 667 719 744 ῶς
742 673 883 752 εἴρηται,
904 665 959 731 καὶ
983 667 1169 751 δυνάμενος

164 756 308 834 εὐλύτως
336 754 539 842 στρέφεσθαι
565 755 583 821 δ
606 760 677 820 ΕΖ.
723 757 828 843 τούτῳ
853 753 889 820 δέ
912 752 1063 840 συμφυές
1085 759 1168 821 ἔστω
1195 773 1211 814 5

162 847 342 929 τύμπανον·
364 843 599 928 ῶδοντωμένον
625 845 663 908 τὸ
692 847 761 908 ΗΘ
788 847 865 929 έχον
892 846 953 928 τῆν
979 845 1167 930 διάμετρον,

163 936 194 998 εί
219 935 327 1018 τύχοι,
356 937 621 1000 πενταπλασίονα
648 933 746 1016 <τῆς>
773 942 833 998 τοῦ
860 937 924 998 ΕΖ
950 932 1068 1011 ἄξονος
1095 934 1167 998 δια-

162 1021 291 1108 μέτρου.
340 1020 395 1087 καὶ
422 1023 478 1086 ἵνα
506 1019 559 1087 ἐπὶ
585 1022 848 1107 παραδείγματος
874 1023 935 1105 τῆν
961 1023 1168 1105 κατασκευὴν

161 1113 391 1196 ποιησώμεθα,
418 1107 501 1175 έστω
528 1111 565 1175 τὸ
593 1106 654 1194 μὲν
681 1109 846 1194 ἀγόμενον
872 1111 975 1195 βάρος
997 1111 1168 1175 ταλάντων

162 1204 286 1284 χιλίων,
309 1199 329 1284 ῆ
353 1195 390 1264 δέ
412 1207 552 1264 κινοῦσα
574 1199 715 1282 δύναμις
736 1195 818 1264 ἔστω
839 1199 1009 1263 ταλάντων
1027 1197 1066 1282 ε’,
1089 1221 1166 1264 του-
1179 1218 1209 1256 1⁰

161 1288 270 1354 τέστιν
288 1287 306 1354 δ
324 1299 427 1353 κινῶν
446 1289 624 1374 ἀνθρωπος
641 1286 662 1371 ῆ
681 1288 870 1374 παιδάριον,
894 1289 978 1352 ὥστε
996 1288 1166 1352 δύνασθαι

160 1376 239 1442 καθ’
265 1375 383 1442 ἑαυτὸν
406 1378 486 1441 ἀνευ
509 1385 655 1461 μηχανῆς
673 1375 782 1440 ἕλκειν
799 1377 943 1441 τάλαντα
961 1373 998 1440 ε’.
1040 1376 1166 1441 οὐκοῦν

162 1466 219 1530 έάν
250 1467 289 1530 τά
321 1465 356 1530 ἐκ
387 1474 446 1530 τού
480 1468 621 1552 φορτίου
654 1463 850 1549 ἐνδεδεμένα
880 1464 965 1530 ὅπλα
992 1465 1048 1529 διά
1075 1488 1166 1541 τινος

160 1555 264 1638 <ὀπῆς
282 1554 405 1638 ούσης>
427 1553 464 1618 έν
486 1561 532 1640 τῷ
550 1557 615 1618 ΑΒ
634 1557 732 1641 τοίχφ
753 1552 911 1640 έπειληθῆ
929 1551 1006 1639 περὶ
1023 1554 1083 1618 τὸν
1101 1559 1165 1618 ΕΖ

39 1707 41 1710 .
161 1642 271 1726 άξονα,
296 1643 549 1727 ικατειλούμενα
571 1643 612 1706 τά
630 1641 666 1706 έκ
683 1651 743 1707 τοῦ
763 1645 905 1728 φορτίου
928 1643 1013 1707 δπλα
1035 1645 1164 1726 κινήσει
1178 1660 1207 1700 ιι

159 1733 197 1796 τὸ
225 1733 333 1817 βάρος.
379 1732 435 1796 ἵνα
462 1728 498 1796 δέ
525 1737 648 1816 κινηθῆ
675 1733 712 1796 τὸ
736 1735 774 1794 Η
777 1735 806 1795 Θ
827 1732 1010 1815 τύμπανον,
1109 1754 1164 1814 μει

94 1841 132 1881 ωε
160 1821 320 1905 ὑπάρχειν
342 1819 445 1885 πλέον
466 1817 644 1907 ταλάν]των
667 1820 847 1884 διακοσίων
869 1820 925 1884 διδ
946 1819 983 1883 τὸ
1007 1820 1068 1904 τῆν
1091 1819 1164 1884 διά-

159 1933 280 1996 μετρον
306 1918 365 1974 τοῦ
393 1909 565 1994 τυμπάνου
593 1916 650 1991 τῆς
674 1906 852 1994 διαμέτρου
875 1917 935 1973 τοῦ
958 1905 1090 1992 ἀξονος,
1119 1909 1165 1986 ῶς

80 2107 131 2148 ιοω
158 2088 224 2151 ἀντὶ
246 2085 282 2169 ε’,
304 2087 450 2150 τουτέστιν
473 2086 488 2150 δ
511 2098 603 2150 κινῶν
625 2085 786 2169 ἅνθρωπος
810 2089 953 2150 δυνάσθω
975 2081 1048 2150 καθ’
1069 2088 1162 2150 αύτδν

158 2177 230 2240 ἀνευ
253 2187 385 2259 μηχανῆς
408 2175 500 2239 έλκειν
518 2178 643 2240 τάλαντα
661 2172 702 2257 δ’,
723 2176 774 2238 καλ
791 2175 862 2239 έστω
879 2176 911 2239 τδ
930 2175 1086 2257 εἰρημένον
1104 2173 1158 2238 ὑπ’
1176 2193 1206 2233 ιο

159 2267 249 2330 αύτού
263 2265 468 2349 γλωσσόκομον
481 2265 513 2327 τδ
528 2270 658 2345 ΑΒΓΔ,
676 2264 725 2327 καλ
743 2264 776 2327 έν
794 2265 874 2350 αύτῷ
892 2267 933 2338 εἰς
946 2266 1015 2339 τούς
1030 2267 1162 2348 μακρούς

158 2355 207 2418 καλ
232 2354 435 2438 παραλλήλους
462 2355 577 2435 τοίχους
608 2352 680 2416 έστω
710 2351 789 2429 ἀξων
817 2355 999 2434 διακείμενος
1031 2354 1160 2428 εύλύτως

158 2443 353 2528 στρεφόμενος
367 2441 383 2504 δ
397 2447 464 2504 ΕΖ.
495 2444 588 2529 τούτῳ
607 2441 639 2504 δὲ
655 2440 789 2523 συμφυές
808 2441 879 2505 έστω
897 2444 1052 2524 τύμπανον
1067 2441 1162 2505 ιὀδον-

157 2531 287 2614 τωμένου
316 2531 444 2611 [ἀκτῖσιν
471 2529 656 2611 ὀδοντωτοῖς]
685 2531 717 2593 τὸ
740 2534 804 2594 ΗΘ
831 2531 897 2612 έχον
923 2531 978 2611 τῆν
1005 2533 1161 2614 διάμετρον

157 2622 313 2684 διπλασίαν
339 2631 391 2700 τῆς
417 2618 571 2703 διαμέτρου
601 2620 665 2700 [τῆς
686 2625 745 2681 ΕΖ
772 2619 946 2702 διαγωνίον]
974 2630 1027 2682 τού
1054 2618 1161 2696 ἀξονος
1175 2637 1204 2676 2⁵

156 2721 209 2791 τῆς
226 2709 299 2772 κατὰ
317 2709 474 2791 κρόταφον.
512 2706 634 2790 [γίνεται
651 2707 707 2790 γὰρ
725 2710 903 2791 τετράγωνος
921 2707 975 2789 μὲν
990 2708 1057 2790 περὶ
1070 2707 1161 2789 μέσον

157 2798 203 2860 έπλ
225 2808 365 2862 τοσοῦτον
388 2807 492 2878 μῆκος,
515 2797 585 2859 ὅσον
606 2796 685 2858 ἐστίν
707 2797 739 2860 τδ
758 2799 849 2879 πάχος
871 2807 924 2860 τοῦ
942 2799 1098 2878 τυμπάνου
1119 2799 1160 2872 είς

156 2885 377 2970 δέναρμόζεται
399 2884 548 2964 ἀσφαλῶς,
571 2887 746 2967 στρογγύλος
769 2885 801 2948 δέ
822 2908 885 2960 πως
907 2885 1160 2967 ῆλελοιφωμένος

155 2975 188 3038 ἐκ
210 2985 268 3037 τῶν
287 2970 336 3053 ἐφ’
356 2974 476 3055 ἑκάτερα
498 2984 550 3036 τοῦ
572 2975 727 3055 τυμπάνου
751 2975 870 3057 μερῶν]
916 2975 968 3038 έάν
991 2973 1048 3056 ἀρα
1070 2974 1105 3036 τὰ
1126 2973 1160 3036 έκ

155 3074 208 3126 τοῦ
231 3065 341 3145 βάρους
363 3074 416 3126 τοῦ
439 3061 597 3143 ἑλκομένου
622 3063 763 3144 δεδεμένα
786 3065 914 3145 σχοινία,
936 3065 1103 3143 καλούμενα
1125 3061 1159 3124 δὲ
1172 3078 1202 3118 ³0

156 3153 231 3216 ὅπλα
254 3153 303 3214 διά
319 3175 400 3226 τινος
422 3151 497 3233 ἀπῆς
522 3151 646 3233 [μᾶλλον
669 3152 701 3214 δέ
719 3151 869 3234 ἀνατομῆς
890 3152 1042 3230 πλατείας]
1067 3149 1159 3230 ούσης

155 3241 187 3304 έν
210 3248 249 3327 τῷ
267 3245 327 3303 ΑΒ
349 3243 433 3327 τοίχφ
451 3240 594 3328 έπειληθῆ
615 3240 681 3323 περὶ
699 3241 750 3303 τὸν
767 3245 826 3302 ΕΖ
848 3240 941 3314 ἀξονα
960 3235 1023 3320 [ἐφ’
1039 3239 1159 3321 ἑκάτερα

155 3340 207 3394 τού
231 3333 295 3393 ΗΘ
322 3328 489 3410 τυμπάνου]
516 3329 566 3392 καλ
589 3340 702 3415 στραφῆ
728 3329 759 3392 τὸ
782 3332 846 3392 ΗΘ
872 3331 1041 3410 τύμπανον,
1072 3339 1158 3391 τοῦτο

77 3435 130 3474 1⁰64
156 3418 321 3503 ἐπιστρέψει
342 3418 392 3481 καλ
409 3418 459 3480 τδν
478 3427 601 3499 συμφυῆ
619 3417 711 3493 ἀξονα
727 3413 923 3502 κινού]μευον
945 3418 1012 3501 περλ
1029 3416 1064 3480 τδι
1081 3415 1158 3498 ἀκρα

155 3509 188 3572 έν
208 3511 360 3582 δακτύλοις
373 3513 489 3590 χαλκοῖς
502 3507 556 3570 καλ
569 3509 687 3582 πυξίσιν
702 3505 810 3590 δμοίως
825 3511 943 3589 χαλκαῖς
957 3504 1041 3587 <μῆ>
1054 3529 1156 3568 κινου-
1169 3519 1201 3560 ³5

155 3597 271 3680 μέναις,
301 3596 448 3679 κειμέναις
475 3591 505 3658 δ’
529 3595 561 3658 έν
588 3602 649 3670 τοῖς
676 3595 840 3679 εἰρημένοις
861 3599 934 3676 ΑΒ,
956 3600 1015 3656 ΓΔ
1040 3596 1156 3676 τοίχοις.
