2596 3876
344 849 401 931 M.
425 846 600 929 PORCI
624 846 870 930 caucius

276 981 359 1062 uu
397 978 566 1062 Acus
606 973 941 1066 cuuuuun.
1003 1091 1006 1096 Ι

573 1155 643 1220 XII.

6 1286 87 1327 lsseil
189 1260 227 1325 In
245 1245 453 1327 torcularium
472 1286 553 1347 quac
572 1286 653 1347 opus
672 1267 755 1328 sunt.
796 1263 881 1327 vasis
900 1263 1007 1346 quinis
1025 1262 1115 1346 prela

98 1373 275 1452 temperata
297 1367 337 1452 V,
365 1392 598 1454 supervacanea
624 1369 681 1452 III,
711 1369 837 1434 suculas
860 1368 900 1452 V,
928 1391 1114 1453 supervaca·
1143 1383 1156 1423 ⁵

99 1497 192 1539 neam
211 1475 235 1558 I,
258 1477 351 1541 funes
369 1476 475 1542 loreos
493 1476 532 1560 V,
556 1477 778 1542 subductarics
798 1475 837 1560 V,
861 1475 1054 1560 melipontcs
1073 1476 1114 1558 V,

98 1581 228 1646 troclias
246 1582 285 1664 X,
309 1584 447 1666 capistra
465 1583 504 1665 V,
527 1583 685 1648 asscrcula
704 1583 760 1646 ubi
779 1583 867 1668 prela
887 1583 949 1647 sita
972 1583 1055 1646 sient
1074 1581 1113 1664 V,

99 1689 196 1753 serias
224 1688 284 1771 III,
312 1693 417 1754 vectas
444 1689 514 1772 XL,
541 1691 657 1755 fibulas
680 1689 746 1772 XL,
774 1689 953 1755 constibilis
981 1689 1113 1774 ligneas,

98 1796 154 1879 qui
182 1797 310 1860 arbores
338 1798 530 1880 conprimat,
562 1798 590 1862 si
618 1797 824 1879 dishiasccnt,
857 1800 889 1860 ct
917 1818 1034 1860 cuneos
1057 1794 1112 1878 VI,

97 1905 239 1986 trapetas
263 1901 302 1984 V,
331 1924 426 1986 cupas
455 1905 648 1969 minusculas
671 1903 710 1986 X,
739 1903 845 1968 alveos
869 1901 907 1986 X,
936 1903 1024 1986 palas
1052 1902 1112 1988 lig·
1128 1917 1154 1956 1⁰

97 2030 172 2072 naas
196 2007 234 2090 X,
257 2012 347 2074 rutra
369 2010 471 2074 ferrea
494 2012 643 2095 quinque.

420 2187 538 2270 XVIII,
560 2189 653 2252 1-2.
688 2188 784 2252 8-9.

5 2317 82 2358 ιΚοϋ
184 2301 405 2368 Torcularium
438 2305 464 2368 si
497 2305 662 2368 aedificare
697 2303 785 2368 volas
821 2304 984 2388 quadrinis
1016 2305 1110 2387 vasis,

96 2410 144 2472 uti
168 2414 279 2474 contra
302 2433 357 2476 ora
380 2411 471 2492 sient,
495 2411 534 2474 ad
557 2410 643 2476 hunc
666 2410 797 2475 modum
820 2432 896 2474 vasa
922 2411 1111 2494 conponito:

96 2516 224 2580 arbores
252 2539 372 2582 crassas
400 2516 434 2580 P.
458 2515 502 2598 H,
530 2516 610 2582 aItas
637 2517 672 2582 P.
696 2515 792 2582 VIIII
819 2538 891 2580 cum
919 2517 1111 2599 cardinibus,
1126 2537 1152 2578 15

59 2625 255 2688 2foramina
280 2624 378 2709 longa
405 2623 439 2687 P.
468 2622 516 2686 III
540 2622 561 2688 S
590 2625 738 2708 exculpta
765 2623 855 2710 digit.
884 2622 944 2706 VI,
972 2623 1012 2687 ab
1041 2623 1110 2688 solo

97 2731 242 2794 foramen
264 2731 402 2814 primum
426 2729 460 2793 P.
484 2729 500 2794 I
524 2729 555 2812 S,
583 2731 666 2796 inter
689 2731 817 2796 arbores
842 2731 888 2814 [et
911 2730 1054 2814 arbores]
1097 2735 1117 2796 t¹

96 2835 232 2919 parietes
256 2837 290 2900 P.
313 2836 345 2900 ΙΙ
378 2837 412 2900 in
434 2835 466 2901 ΙΙ
489 2837 617 2902 arbores
640 2837 674 2902 P.
698 2837 722 2921 I,
750 2838 879 2902 arbores
903 2837 943 2901 ad
966 2839 1110 2922 stipitem

96 2943 235 3026 primum
263 2944 404 3008 derectas
427 2944 461 3007 P.
485 2943 571 3025 XVI,
599 2945 724 3028 stipites
752 2967 875 3010 crassos
898 2943 932 3008 P.
958 2943 998 3027 H,
1028 2945 1110 3009 altos

96 3071 168 3112 cum
188 3049 368 3114 cardinibus
385 3050 419 3114 P.
434 3050 473 3132 X,
492 3050 634 3115 suculam
653 3055 778 3134 practer
796 3051 939 3116 cardines
954 3051 988 3115 P.
1004 3049 1107 3134 VIIII,
1123 3071 1148 3110 ac

95 3155 220 3239 prelum
242 3155 376 3243 longum
399 3156 434 3221 P.
457 3156 558 3239 XXV,
582 3157 663 3222 inibi
686 3157 842 3242 lingulam
864 3157 899 3224 P.
922 3155 955 3222 Π
979 3156 1009 3222 S.

58 3266 77 3321 8
184 3261 324 3329 Asborcs
354 3265 480 3349 stipites
509 3265 657 3328 robustas
689 3265 787 3328 facito
819 3267 875 3328 aut
907 3266 1026 3348 pineas.
1081 3265 1106 3328 si

8 3449 9 3472 ,
95 3370 201 3434 trabes
232 3372 371 3436 minores
400 3372 504 3436 facere
533 3370 629 3454 voles,
660 3370 778 3435 canalis
808 3375 898 3434 extra
926 3370 1108 3435 columnam

167 3515 235 3564 8-9
250 3512 270 3578 f.
286 3510 395 3580 ligneas
460 3510 508 3578 qui
582 3516 621 3564 18.
642 3508 759 3581 in<tcr>
777 3508 803 3561 II
822 3509 934 3563 arbores
1011 3514 1044 3562 22
1059 3508 1109 3563 sti·

59 3579 224 3654 Auitcsque
243 3584 319 3652 apicii
337 3582 529 3638 scaenarum
