2596 3876
215 959 480 1043 VITRUVII
506 961 583 1044 DE
612 959 1086 1044 ARCHITECTURA.

547 1117 586 1201 X,
607 1119 635 1201 1,
656 1119 750 1184 1-3.

35 1257 174 1300 neruosa
231 1242 381 1307 Machina
407 1246 456 1307 est
483 1243 648 1307 continens
676 1243 849 1308 amatoria
878 1244 1061 1308 coniunctio
1089 1266 1159 1308 ma-

140 1350 242 1415 ximas
265 1350 306 1413 ad
329 1372 461 1414 onemm
484 1353 589 1414 motus
613 1349 733 1414 habens
756 1349 899 1414 virtutes.
945 1372 982 1414 ea
1007 1354 1157 1416 movetur

141 1478 180 1521 ex
206 1460 274 1520 arte
301 1456 493 1521 circulorum
519 1457 808 1539 rotundationibus,
836 1479 933 1540 quam
956 1455 1067 1521 Graeci
1094 1480 1155 1521 κυ-
1186 1477 1201 1516 ⁵

139 1565 257 1646 κλικὴν
274 1566 407 1646 κίνησιν
425 1563 595 1647 appellant.
634 1566 683 1628 est
701 1567 804 1627 autem
826 1585 926 1627 unum
945 1585 1046 1648 genus
1065 1584 1155 1628 scan-

140 1671 261 1735 sorium
288 1670 375 1753 quod
398 1692 509 1756 graece
532 1669 752 1756 ἄκροβατικὸν
775 1671 899 1753 dicitur,
931 1669 1066 1734 alterum
1090 1671 1154 1753 spi·

73 1793 112 1833 ²41
139 1777 240 1842 rabdo
263 1777 350 1859 quod
367 1776 453 1860 apud
470 1798 524 1841 eos
545 1774 549 1863 l
570 1777 792 1860 πνευματικὸν
810 1775 997 1861 appellatur,
1020 1777 1153 1840 tertium

140 1884 337 1966 tractorium,
356 1883 390 1946 id
403 1886 510 1947 autem
525 1881 636 1948 Graeci
650 1885 838 1969 βαρουλκὸν
851 1884 1002 1948 vocitant.
1027 1904 1153 1948 scanso-

138 1992 223 2056 rium
251 1994 357 2054 autem
385 1992 462 2074 (est,
490 1989 584 2074 cum>
613 1971 779 2055 machinae
808 1990 854 2053 ita
885 1990 1015 2054 fuerumt
1045 1989 1152 2054 conlo-
1166 2010 1193 2049 ιο
1216 2045 1219 2050 Α

139 2102 235 2180 eatae,
258 2100 295 2160 ut
318 2097 358 2160 ad
376 2096 577 2162 altitudinem
595 2097 695 2182 tignis
714 2097 842 2161 statutis
865 2099 897 2160 et
914 2096 1151 2160 transversariis

139 2204 309 2290 conligatis
333 2203 401 2268 sine
419 2202 561 2287 periodo
581 2203 751 2267 scandatur
773 2203 813 2266 ad
835 2206 1007 2287 apparatus
1031 2206 1151 2286 specta

138 2312 267 2376 tionem.
313 2314 347 2374 at
376 2309 535 2394 spirabile,
565 2330 638 2373 cum
661 2310 792 2394 spiritus
822 2313 871 2374 est
893 2309 1149 2392 expressionibus

139 2417 284 2502 inpulsus
314 2420 351 2481 ut
380 2416 494 2502 plagae
522 2437 680 2499 vocesque
710 2415 894 2502 ὀργανικῶς
923 2416 1148 2499 exprimantur.

101 2527 119 2582 2
137 2525 325 2589 tractorium
347 2544 432 2606 vero,
460 2543 532 2586 cum
556 2543 653 2586 onera
674 2522 831 2612 machinis
853 2522 1091 2607 pertrahuntur,
1113 2526 1149 2587 ut
1163 2540 1187 2581 ιε

138 2630 178 2694 ad
210 2629 412 2694 altitudinem
444 2628 570 2693 sublata
601 2629 815 2694 conlocentur.
870 2629 1031 2694 scansoria
1066 2629 1147 2693 ratio

136 2758 203 2801 non
229 2740 305 2818 arte,
333 2735 387 2799 sed
415 2734 547 2800 audacia
570 2735 733 2822 gloriatur.
781 2759 817 2800 ea
839 2735 1094 2800 catenationibus
1117 2739 1148 2799 et

135 2843 372 2907 transversariis
396 2847 428 2906 et
450 2841 552 2926 plexis
576 2841 846 2929 conligationibus
872 2846 904 2906 et
927 2843 1146 2906 erismatorum

136 2948 266 3013 fulturis
290 2949 479 3014 continetur.
525 2971 607 3034 quae
630 2955 737 3015 autem
760 2951 891 3034 spiritus
914 2953 1074 3034 potestate
1097 2948 1146 3012 ad·

138 3055 235 3119 sumit
267 3055 442 3142 ingressus,
474 3055 635 3142 elegantes
668 3058 745 3122 artis
776 3055 1008 3121 subtilitatibus
1041 3077 1145 3120 conse-
1158 3072 1182 3113 ²⁰

136 3165 252 3245 quatur
278 3162 417 3228 effectus.
466 3164 618 3228 tectoria
645 3167 752 3229 autem
779 3164 914 3228 maiores
944 3167 976 3227 et
1003 3161 1145 3248 magnifi-

136 3269 241 3334 centia
263 3269 373 3354 plenas
395 3270 494 3336 habet
520 3271 561 3334 ad
583 3270 756 3335 utilitatem
780 3269 1036 3354 opportunitates
1060 3272 1092 3333 et
1115 3268 1146 3332 in

98 3377 259 3462 augendo
287 3399 359 3442 cum
387 3377 557 3462 prudentia
583 3399 723 3444 summas
745 3378 888 3442 virtutes.
935 3399 974 3442 ex
998 3376 1049 3440 his
1073 3378 1144 3439 sunt

135 3505 217 3566 quae
239 3495 436 3570 μηχανικῶς,
464 3483 527 3548 alic
549 3483 733 3569 ὀργανικῶς
755 3486 931 3548 moventur.
977 3483 1061 3545 inter
1083 3502 1144 3543 ma·

46 3614 99 3624 ·-
133 3588 244 3657 chiuas
267 3596 299 3657 et
322 3613 442 3678 organa
469 3589 503 3654 id
524 3590 651 3655 videtur
674 3612 741 3655 esse
765 3589 942 3672 discrimen,
969 3587 1056 3670 quod
1080 3608 1141 3650 ma
1153 3603 1176 3645 a
