2602 3874
147 207 213 270 290
295 209 454 261 HERONIS
471 209 763 261 MEOHANICORUM
780 210 1006 262 FRAGMENTA.

146 367 407 453 ἡΑΓΔΕΖΒ,
436 368 660 454 [νοείσόωσαν
687 367 724 436 δὲ
751 373 976 456 μονόστροφοι
1004 372 1040 435 οιί
1065 373 1154 458 εἰρη-

145 474 242 559 μέναι
269 474 398 560 ἕλικες]
443 477 615 560 τύμπανον
642 473 680 542 δὲ
707 480 789 542 ἔστω
819 477 884 562 [τὸ]
911 479 1156 564 παρακείμενον

146 579 201 646 καὶ
228 579 465 666 ὠόοντυμένον
489 583 527 647 τὸ
551 587 590 647 Η
591 586 689 648 ΓΕΘ
711 584 850 660 ὀδόντας
873 586 950 668 ἔχον
972 586 1051 660 τοὺς
1074 587 1152 668 ΗΓ,

146 691 223 771 ΓΕ,
245 692 310 752 ΕΘ
338 687 538 774 ἁρμόζοντας
561 699 600 775 τῇ
623 689 706 754 ἕλικι
805 691 840 755 οί
860 692 923 776 ἄρα
950 688 1062 755 λοιποὶ
1090 691 1154 755 οὐκ

594 1976 644 2026 mg.
661 1978 691 2016 το.

139 2155 383 2243 ἐναρμόσουσιυ
414 2158 462 2232 εἰς
495 2156 552 2232 τάς
584 2155 701 2231 λοιπάς
729 2153 847 2231 ἕλικας.
902 2155 960 2220 ἐάν
988 2153 1051 2223 οὖν
1077 2156 1189 2232 ἐπι-,τ

140 2261 332 2349 στρέφωμευ
362 2265 421 2328 τὸν
452 2265 600 2346 κοχλίαν,
631 2263 715 2326 ὥστε
746 2263 783 2327 τὸ
811 2267 843 2326 Ε
874 2272 1010 2347 σημεῖον
1036 2286 1145 2351 παρω-

138 2376 278 2435 Θεῖσθαι
301 2367 354 2434 ἐπὶ
377 2371 417 2433 τά
436 2371 468 2434 Γ
481 2367 573 2454 μέρη,
596 2366 754 2454 παρέσται
772 2370 809 2434 τὸ
829 2373 861 2434 Ε
877 2368 929 2436 ἐπὶ
947 2372 984 2436 τὸ
1004 2373 1042 2456 Γ,
1065 2372 1145 2437 ὅταν

138 2476 156 2542 ὁ
183 2480 318 2560 κοχλίας
346 2475 611 2540 ἀποκατάστασιν
638 2477 717 2560 μίαν
743 2477 932 2561 ποιήσηται,
959 2476 1015 2542 καὶ
1040 2475 1104 2555 ἕξει
1126 2477 1144 2542 ό

137 2579 198 2667 μὲν
221 2585 286 2648 ΓΕ
306 2581 406 2659 ὀδοὺς
428 2584 489 2666 τὴν
511 2590 570 2648 τοῦ
595 2585 667 2648 ΓΗ
684 2580 793 2667 θέσιν,
816 2582 834 2648 ό
858 2579 895 2648 δὲ
913 2587 979 2648 ΕΘ
1001 2586 1062 2669 τὴν
1083 2593 1144 2648 τοῦ

138 2693 214 2774 ΓΕ,
242 2688 297 2754 καὶ
315 2689 417 2753 πάλιν
440 2689 457 2754 ὁ
481 2692 546 2752 ΕΘ
567 2687 667 2754 θέσιν
690 2687 834 2773 ἐσχηκὼς
856 2691 917 2773 τὴν
940 2693 1005 2754 ΓΕ
1027 2689 1063 2755 ἐν
1084 2700 1144 2776 μιᾷ
1158 2710 1188 2748 10

136 2805 196 2860 τοῦ
224 2798 360 2880 κοχλίου
382 2805 589 2882 περιστροφῇ
613 2794 689 2872 ὅλος
711 2798 967 2886 παραχθόσεται.
1012 2795 1068 2862 καὶ
1091 2795 1144 2862 ἐπὶ

136 2911 203 2967 τῶν
227 2899 299 2986 ἑξῆς
322 2901 471 2986 ὀδόντων
493 2903 534 2966 τά
556 2901 640 2967 αὐτὰ
663 2887 809 2968 ἐπινοεῖν
832 2906 908 2989 χρή,
936 2903 1020 2968 ὥστε
1044 2902 1144 2980 ὅσους

137 3005 195 3072 ἐὰν
222 3008 361 3085 ὀδόντας
388 3006 445 3095 ἔχῃ
472 3009 509 3073 τὸ
537 3009 720 3093 τύμπανον,
747 3010 944 3086 τοσαυτάκις
969 3009 986 3074 ὁ
1010 3013 1143 3093 κοχλίας

135 3113 286 3198 κινηθεὶς
326 3117 406 3199 μίαν
447 3115 711 3181 ἀποκατάστασιν
756 3124 815 3180 τοῦ
856 3116 1029 3200 τυμπάνου
1070 3138 1142 3181 ποι-

42 3239 114 3279 111421
134 3223 255 3304 ήσεται.
1155 3240 1183 3280 15

206 3511 282 3560 1-2
314 3505 490 3560 νοείσθωοαν
590 3501 676 3564 ἕλικες
703 3501 756 3558 del.
780 3502 826 3555 Hu
916 3509 931 3554 2
963 3502 994 3556 τὸ
1019 3502 1071 3556 del.
1095 3503 1140 3555 Hu

21 3588 73 3606 ⁴*
132 3575 263 3632 lacunam
282 3579 384 3632 statuo.
421 3575 455 3631 cf.
476 3592 560 3645 supra
577 3591 604 3644 p.
619 3574 696 3628 XVII
773 3579 806 3627 10
824 3573 843 3628 f.
863 3571 914 3642 τὴν
933 3571 1025 3646 <on)
